<?xml version="1.0" encoding="UTF-8" ?><marc:collection xmlns:marc="http://www.loc.gov/MARC21/slim" xmlns:xsi="http://www.w3.org/2001/XMLSchema-instance" xsi:schemaLocation="http://www.loc.gov/MARC21/slim http://www.loc.gov/standards/marcxml/schema/MARC21slim.xsd">
<marc:record><marc:leader>02991cai a2200577 a 4500</marc:leader>
<marc:controlfield tag="001">43381520</marc:controlfield>
<marc:controlfield tag="006">m     o  d        </marc:controlfield><marc:controlfield tag="008">000201c19959999mduqr wso b   0    2eng c</marc:controlfield><marc:controlfield tag="005">20180618180808.4</marc:controlfield><marc:controlfield tag="007">cr mn|||||||||</marc:controlfield><marc:datafield tag="010" ind1=" " ind2=" "><marc:subfield code="a">  2007253819</marc:subfield></marc:datafield><marc:datafield tag="040" ind1=" " ind2=" "><marc:subfield code="a">WAU</marc:subfield><marc:subfield code="b">eng</marc:subfield><marc:subfield code="c">WAU</marc:subfield><marc:subfield code="d">NDD</marc:subfield><marc:subfield code="d">OCL</marc:subfield><marc:subfield code="d">N@F</marc:subfield><marc:subfield code="d">OCLCQ</marc:subfield><marc:subfield code="d">WAU</marc:subfield><marc:subfield code="d">OCLCA</marc:subfield><marc:subfield code="d">WAU</marc:subfield><marc:subfield code="d">OCLCQ</marc:subfield><marc:subfield code="d">WAU</marc:subfield><marc:subfield code="d">OCLCQ</marc:subfield><marc:subfield code="d">OCLCF</marc:subfield><marc:subfield code="d">OCLCO</marc:subfield><marc:subfield code="d">MST</marc:subfield></marc:datafield><marc:datafield tag="019" ind1=" " ind2=" "><marc:subfield code="a">44355924</marc:subfield><marc:subfield code="a">45146385</marc:subfield></marc:datafield><marc:datafield tag="029" ind1="1" ind2=" "><marc:subfield code="a">N@F</marc:subfield><marc:subfield code="b">239771</marc:subfield></marc:datafield><marc:datafield tag="042" ind1=" " ind2=" "><marc:subfield code="a">pcc</marc:subfield></marc:datafield><marc:datafield tag="050" ind1=" " ind2="4"><marc:subfield code="a">QL645</marc:subfield></marc:datafield><marc:datafield tag="082" ind1="0" ind2="4"><marc:subfield code="a">597.9012</marc:subfield></marc:datafield><marc:datafield tag="082" ind1="0" ind2="4"><marc:subfield code="a">597.90285</marc:subfield></marc:datafield><marc:datafield tag="245" ind1="0" ind2="4"><marc:subfield code="a">The reptile database.</marc:subfield></marc:datafield><marc:datafield tag="247" ind1="1" ind2="0"><marc:subfield code="a">JCVI/TIGR reptile database</marc:subfield><marc:subfield code="f">&lt;2010&gt;</marc:subfield></marc:datafield><marc:datafield tag="247" ind1="1" ind2="0"><marc:subfield code="a">TIGR reptile database</marc:subfield><marc:subfield code="f">&lt;Feb. 22, 2008&gt;</marc:subfield></marc:datafield><marc:datafield tag="247" ind1="1" ind2="0"><marc:subfield code="a">New reptile database</marc:subfield><marc:subfield code="f">&lt;July 15, 2007&gt;</marc:subfield></marc:datafield><marc:datafield tag="247" ind1="1" ind2="0"><marc:subfield code="a">EMBL reptile database</marc:subfield><marc:subfield code="f">&lt;Feb. 1, 2000&gt;</marc:subfield></marc:datafield><marc:datafield tag="260" ind1=" " ind2=" "><marc:subfield code="a">Rockville, MD :</marc:subfield><marc:subfield code="b">Peter Uetz,</marc:subfield><marc:subfield code="c">[1995]-</marc:subfield></marc:datafield><marc:datafield tag="310" ind1=" " ind2=" "><marc:subfield code="a">Updated approx. every 3 months.</marc:subfield></marc:datafield><marc:datafield tag="336" ind1=" " ind2=" "><marc:subfield code="a">text</marc:subfield><marc:subfield code="b">txt</marc:subfield><marc:subfield code="2">rdacontent</marc:subfield></marc:datafield><marc:datafield tag="337" ind1=" " ind2=" "><marc:subfield code="a">computer</marc:subfield><marc:subfield code="b">c</marc:subfield><marc:subfield code="2">rdamedia</marc:subfield></marc:datafield><marc:datafield tag="338" ind1=" " ind2=" "><marc:subfield code="a">online resource</marc:subfield><marc:subfield code="b">cr</marc:subfield><marc:subfield code="2">rdacarrier</marc:subfield></marc:datafield><marc:datafield tag="538" ind1=" " ind2=" "><marc:subfield code="a">Mode of access: World Wide Web.</marc:subfield></marc:datafield><marc:datafield tag="500" ind1=" " ind2=" "><marc:subfield code="a">Title from embedded metadata (viewed June 19, 2013).</marc:subfield></marc:datafield><marc:datafield tag="500" ind1=" " ind2=" "><marc:subfield code="a">&quot;This database is maintained by Peter Uetz, JCVI, Rockville, MD (HTML pages + content) and Jakob Hallermann, Zoological Museum Hamburg (new species and updates).&quot;</marc:subfield></marc:datafield><marc:datafield tag="500" ind1=" " ind2=" "><marc:subfield code="a">Hosted by: J. Craig Venter Institute (formerly, The Institute for Genomic Research).</marc:subfield></marc:datafield><marc:datafield tag="550" ind1=" " ind2=" "><marc:subfield code="a">Formerly issued by: European Molecular Biology Laboratory (EMBL) &lt;Feb. 1, 2000&gt;</marc:subfield></marc:datafield><marc:datafield tag="520" ind1="8" ind2=" "><marc:subfield code="a">&quot;This database is intended to provide information on the classification of all living reptiles by listing all species and their pertinent higher taxa. The database therefore covers all living snakes, lizards, turtles, amphisbaenians, tuataras, and crocodiles. It is supposed to be a source of taxonomic data, thus providing primarily (scientific) names, synonyms, distributions and related data. However, a limited number of species accounts contain links to external sources including pictures. The database has no commercial interest and therefore depends on contributions from volunteers. It is currently supported by the Systematics Working Group of the German Herpetological Society (DGHT)&quot;--Introduction.</marc:subfield></marc:datafield><marc:datafield tag="504" ind1=" " ind2=" "><marc:subfield code="a">Includes bibliographical references.</marc:subfield></marc:datafield><marc:datafield tag="650" ind1=" " ind2="0"><marc:subfield code="a">Reptiles</marc:subfield><marc:subfield code="v">Classification.</marc:subfield></marc:datafield><marc:datafield tag="650" ind1=" " ind2="0"><marc:subfield code="a">Reptiles</marc:subfield><marc:subfield code="v">Nomenclature.</marc:subfield></marc:datafield><marc:datafield tag="650" ind1=" " ind2="0"><marc:subfield code="a">Reptiles</marc:subfield><marc:subfield code="x">Computer network resources.</marc:subfield></marc:datafield><marc:datafield tag="650" ind1=" " ind2="7"><marc:subfield code="a">Reptiles.</marc:subfield><marc:subfield code="2">fast</marc:subfield><marc:subfield code="0">(OCoLC)fst01095020</marc:subfield></marc:datafield><marc:datafield tag="650" ind1=" " ind2="2"><marc:subfield code="a">Reptiles</marc:subfield><marc:subfield code="x">classification.</marc:subfield></marc:datafield><marc:datafield tag="655" ind1=" " ind2="7"><marc:subfield code="a">Classification.</marc:subfield><marc:subfield code="2">fast</marc:subfield><marc:subfield code="0">(OCoLC)fst01697073</marc:subfield></marc:datafield><marc:datafield tag="655" ind1=" " ind2="7"><marc:subfield code="a">Terminology.</marc:subfield><marc:subfield code="2">fast</marc:subfield><marc:subfield code="0">(OCoLC)fst01423880</marc:subfield></marc:datafield><marc:datafield tag="700" ind1="1" ind2=" "><marc:subfield code="a">Uetz, Peter.</marc:subfield></marc:datafield><marc:datafield tag="700" ind1="1" ind2=" "><marc:subfield code="a">Hallermann, Jakob.</marc:subfield></marc:datafield><marc:datafield tag="710" ind1="2" ind2=" "><marc:subfield code="a">European Molecular Biology Laboratory.</marc:subfield></marc:datafield><marc:datafield tag="710" ind1="2" ind2=" "><marc:subfield code="a">Institute for Genomic Research.</marc:subfield></marc:datafield><marc:datafield tag="710" ind1="2" ind2=" "><marc:subfield code="a">J. Craig Venter Institute.</marc:subfield></marc:datafield><marc:datafield tag="710" ind1="2" ind2=" "><marc:subfield code="a">Deutsche Gesellschaft für Herpetologie und Terrarienkunde.</marc:subfield><marc:subfield code="b">AG Systematik.</marc:subfield></marc:datafield><marc:datafield tag="856" ind1="4" ind2="0"><marc:subfield code="u">http://www.reptile-database.org/</marc:subfield></marc:datafield><marc:datafield tag="856" ind1="4" ind2="0"><marc:subfield code="u">http://reptile-database.org/</marc:subfield></marc:datafield><marc:datafield tag="049" ind1=" " ind2=" "><marc:subfield code="a">WAUW</marc:subfield></marc:datafield></marc:record>