
<marc:record><marc:leader>02512cam a2200565 a 4500</marc:leader>
<marc:controlfield tag="001">52152277</marc:controlfield>
<marc:controlfield tag="008">020805s2002    nz       b   f000 0 eng  </marc:controlfield><marc:controlfield tag="005">20250628094228.9</marc:controlfield><marc:datafield tag="010" ind1=" " ind2=" "><marc:subfield code="a">  2002483452</marc:subfield></marc:datafield><marc:datafield tag="040" ind1=" " ind2=" "><marc:subfield code="a">NZ1</marc:subfield><marc:subfield code="b">eng</marc:subfield><marc:subfield code="c">NZ1</marc:subfield><marc:subfield code="d">DLC</marc:subfield><marc:subfield code="d">BTCTA</marc:subfield><marc:subfield code="d">WAU</marc:subfield><marc:subfield code="d">OCLCF</marc:subfield><marc:subfield code="d">OCLCO</marc:subfield><marc:subfield code="d">OCLCQ</marc:subfield><marc:subfield code="d">OCLCA</marc:subfield><marc:subfield code="d">OCLCQ</marc:subfield><marc:subfield code="d">NZ1</marc:subfield><marc:subfield code="d">OCLCO</marc:subfield><marc:subfield code="d">OCLCA</marc:subfield><marc:subfield code="d">OCLCQ</marc:subfield><marc:subfield code="d">OCLCO</marc:subfield><marc:subfield code="d">OCLCL</marc:subfield></marc:datafield><marc:datafield tag="020" ind1=" " ind2=" "><marc:subfield code="a">047822253X</marc:subfield><marc:subfield code="q">(pbk.)</marc:subfield></marc:datafield><marc:datafield tag="020" ind1=" " ind2=" "><marc:subfield code="a">9780478222531</marc:subfield><marc:subfield code="q">(pbk.)</marc:subfield></marc:datafield><marc:datafield tag="029" ind1="0" ind2=" "><marc:subfield code="a">NLNZL</marc:subfield><marc:subfield code="b">997601803502836</marc:subfield></marc:datafield><marc:datafield tag="029" ind1="1" ind2=" "><marc:subfield code="a">AU@</marc:subfield><marc:subfield code="b">000024070777</marc:subfield></marc:datafield><marc:datafield tag="029" ind1="1" ind2=" "><marc:subfield code="a">AU@</marc:subfield><marc:subfield code="b">000024604724</marc:subfield></marc:datafield><marc:datafield tag="029" ind1="1" ind2=" "><marc:subfield code="a">NZ1</marc:subfield><marc:subfield code="b">7095392</marc:subfield></marc:datafield><marc:datafield tag="029" ind1="1" ind2=" "><marc:subfield code="a">NZ1</marc:subfield><marc:subfield code="b">760180</marc:subfield></marc:datafield><marc:datafield tag="042" ind1=" " ind2=" "><marc:subfield code="a">nznb</marc:subfield></marc:datafield><marc:datafield tag="043" ind1=" " ind2=" "><marc:subfield code="a">u-nz---</marc:subfield></marc:datafield><marc:datafield tag="050" ind1="0" ind2="0"><marc:subfield code="a">SF515.5.T8</marc:subfield><marc:subfield code="b">B53 2002</marc:subfield></marc:datafield><marc:datafield tag="082" ind1="0" ind2="4"><marc:subfield code="a">597.945</marc:subfield><marc:subfield code="2">21</marc:subfield><marc:subfield code="1">https://id.oclc.org/worldcat/ddc/E47jFxGQC97KFBkfTYPWvWCFmD</marc:subfield></marc:datafield><marc:datafield tag="100" ind1="1" ind2=" "><marc:subfield code="a">Blanchard, Barbara.</marc:subfield></marc:datafield><marc:datafield tag="245" ind1="1" ind2="0"><marc:subfield code="a">Tuatara captive management plan and husbandry manual /</marc:subfield><marc:subfield code="c">Barbara Blanchard and the Tuatara Recovery Group within the Department of Conservation.</marc:subfield></marc:datafield><marc:datafield tag="260" ind1=" " ind2=" "><marc:subfield code="a">Wellington, N.Z. :</marc:subfield><marc:subfield code="b">Dept. of Conservation,</marc:subfield><marc:subfield code="c">©2002.</marc:subfield></marc:datafield><marc:datafield tag="300" ind1=" " ind2=" "><marc:subfield code="a">75 pages ;</marc:subfield><marc:subfield code="c">30 cm.</marc:subfield></marc:datafield><marc:datafield tag="336" ind1=" " ind2=" "><marc:subfield code="a">text</marc:subfield><marc:subfield code="b">txt</marc:subfield><marc:subfield code="2">rdacontent</marc:subfield></marc:datafield><marc:datafield tag="337" ind1=" " ind2=" "><marc:subfield code="a">unmediated</marc:subfield><marc:subfield code="b">n</marc:subfield><marc:subfield code="2">rdamedia</marc:subfield></marc:datafield><marc:datafield tag="338" ind1=" " ind2=" "><marc:subfield code="a">volume</marc:subfield><marc:subfield code="b">nc</marc:subfield><marc:subfield code="2">rdacarrier</marc:subfield></marc:datafield><marc:datafield tag="490" ind1="1" ind2=" "><marc:subfield code="a">Threatened species occasional publication,</marc:subfield><marc:subfield code="x">1170-3709 ;</marc:subfield><marc:subfield code="v">no. 21</marc:subfield></marc:datafield><marc:datafield tag="500" ind1=" " ind2=" "><marc:subfield code="a">&quot;June 2002.&quot;</marc:subfield></marc:datafield><marc:datafield tag="504" ind1=" " ind2=" "><marc:subfield code="a">Includes bibliographical references.</marc:subfield></marc:datafield><marc:datafield tag="505" ind1="0" ind2=" "><marc:subfield code="a">Tuatara captive management plan -- Tuatara husbandry manual.</marc:subfield></marc:datafield><marc:datafield tag="530" ind1=" " ind2=" "><marc:subfield code="a">Also available in an electronic ed.</marc:subfield></marc:datafield><marc:datafield tag="650" ind1=" " ind2="0"><marc:subfield code="a">Tuatara.</marc:subfield></marc:datafield><marc:datafield tag="650" ind1=" " ind2="0"><marc:subfield code="a">Captive reptiles</marc:subfield><marc:subfield code="z">New Zealand.</marc:subfield></marc:datafield><marc:datafield tag="650" ind1=" " ind2="0"><marc:subfield code="a">Endangered species</marc:subfield><marc:subfield code="z">New Zealand.</marc:subfield></marc:datafield><marc:datafield tag="650" ind1=" " ind2="6"><marc:subfield code="a">Sphénodon ponctué.</marc:subfield><marc:subfield code="0">(CaQQLa)201-0383741</marc:subfield></marc:datafield><marc:datafield tag="650" ind1=" " ind2="6"><marc:subfield code="a">Reptiles en captivité</marc:subfield><marc:subfield code="0">(CaQQLa)201-0195758</marc:subfield><marc:subfield code="z">Nouvelle-Zélande.</marc:subfield><marc:subfield code="0">(CaQQLa)201-0493133</marc:subfield></marc:datafield><marc:datafield tag="650" ind1=" " ind2="7"><marc:subfield code="a">Captive reptiles.</marc:subfield><marc:subfield code="2">fast</marc:subfield><marc:subfield code="0">(OCoLC)fst00846594</marc:subfield></marc:datafield><marc:datafield tag="650" ind1=" " ind2="7"><marc:subfield code="a">Endangered species.</marc:subfield><marc:subfield code="2">fast</marc:subfield><marc:subfield code="0">(OCoLC)fst00909658</marc:subfield></marc:datafield><marc:datafield tag="650" ind1=" " ind2="7"><marc:subfield code="a">Tuatara.</marc:subfield><marc:subfield code="2">fast</marc:subfield><marc:subfield code="0">(OCoLC)fst01158443</marc:subfield></marc:datafield><marc:datafield tag="651" ind1=" " ind2="7"><marc:subfield code="a">New Zealand.</marc:subfield><marc:subfield code="2">fast</marc:subfield><marc:subfield code="0">(OCoLC)fst01204542</marc:subfield><marc:subfield code="1">https://id.oclc.org/worldcat/entity/E39QbtfRmXBg7mpKX7p4DJ8Kqp</marc:subfield></marc:datafield><marc:datafield tag="650" ind1=" " ind2="7"><marc:subfield code="a">Tuatara.</marc:subfield><marc:subfield code="2">reo</marc:subfield><marc:subfield code="0">(Nz)reo2164</marc:subfield></marc:datafield><marc:datafield tag="710" ind1="1" ind2=" "><marc:subfield code="a">New Zealand.</marc:subfield><marc:subfield code="b">Department of Conservation.</marc:subfield></marc:datafield><marc:datafield tag="710" ind1="1" ind2=" "><marc:subfield code="a">New Zealand.</marc:subfield><marc:subfield code="b">Tuatara Recovery Group.</marc:subfield></marc:datafield><marc:datafield tag="830" ind1=" " ind2="0"><marc:subfield code="a">Threatened species occasional publication ;</marc:subfield><marc:subfield code="v">no. 21.</marc:subfield></marc:datafield><marc:datafield tag="856" ind1="4" ind2="1"><marc:subfield code="u">http://www.doc.govt.nz/upload/documents/science-and-technical/TSOP21.pdf</marc:subfield></marc:datafield><marc:datafield tag="856" ind1="4" ind2="1"><marc:subfield code="u">http://bibpurl.oclc.org/web/5392</marc:subfield><marc:subfield code="u">http://www.doc.govt.nz/upload/documents/science-and-technical/TSOP21.pdf</marc:subfield><marc:subfield code="z">Connect to this title online</marc:subfield><marc:subfield code="7">0</marc:subfield></marc:datafield><marc:datafield tag="938" ind1=" " ind2=" "><marc:subfield code="a">Baker and Taylor</marc:subfield><marc:subfield code="b">BTCP</marc:subfield><marc:subfield code="n">2002483452</marc:subfield></marc:datafield><marc:datafield tag="049" ind1=" " ind2=" "><marc:subfield code="a">WAUW</marc:subfield></marc:datafield></marc:record>