
<marc:record><marc:leader>01962cam a2200433   4500</marc:leader>
<marc:controlfield tag="001">4699195</marc:controlfield>
<marc:controlfield tag="008">790228s1927    iauf     b    000 0 eng  </marc:controlfield><marc:controlfield tag="005">20240308173106.2</marc:controlfield><marc:datafield tag="010" ind1=" " ind2=" "><marc:subfield code="a">   28027138 </marc:subfield></marc:datafield><marc:datafield tag="040" ind1=" " ind2=" "><marc:subfield code="a">DLC</marc:subfield><marc:subfield code="b">eng</marc:subfield><marc:subfield code="c">UUM</marc:subfield><marc:subfield code="d">OCL</marc:subfield><marc:subfield code="d">STF</marc:subfield><marc:subfield code="d">OCLCQ</marc:subfield><marc:subfield code="d">OCLCO</marc:subfield><marc:subfield code="d">VTU</marc:subfield><marc:subfield code="d">OCLCF</marc:subfield><marc:subfield code="d">SNN</marc:subfield><marc:subfield code="d">OCLCO</marc:subfield><marc:subfield code="d">FLARE</marc:subfield><marc:subfield code="d">OCLCO</marc:subfield><marc:subfield code="d">OCLCQ</marc:subfield><marc:subfield code="d">NIU</marc:subfield><marc:subfield code="d">OCLCO</marc:subfield><marc:subfield code="d">OCLCL</marc:subfield><marc:subfield code="d">NIU</marc:subfield><marc:subfield code="d">OCLCO</marc:subfield></marc:datafield><marc:datafield tag="050" ind1="0" ind2="4"><marc:subfield code="a">QH1</marc:subfield><marc:subfield code="b">.I58 vol.XII, no.1</marc:subfield></marc:datafield><marc:datafield tag="082" ind1="1" ind2="4"><marc:subfield code="a">500.908</marc:subfield><marc:subfield code="b">Io9s, v.12, no.1</marc:subfield></marc:datafield><marc:datafield tag="100" ind1="1" ind2=" "><marc:subfield code="a">Christensen, Kermit,</marc:subfield><marc:subfield code="d">1903-</marc:subfield></marc:datafield><marc:datafield tag="245" ind1="1" ind2="4"><marc:subfield code="a">The morphology of the brain of Sphenodon,</marc:subfield><marc:subfield code="c">by Kermit Christensen.</marc:subfield></marc:datafield><marc:datafield tag="260" ind1=" " ind2=" "><marc:subfield code="a">Iowa City, Ia.</marc:subfield><marc:subfield code="b">The University,</marc:subfield><marc:subfield code="c">[1927]</marc:subfield></marc:datafield><marc:datafield tag="300" ind1=" " ind2=" "><marc:subfield code="a">29, [2] pages</marc:subfield><marc:subfield code="b">XII plates</marc:subfield><marc:subfield code="c">24 cm</marc:subfield></marc:datafield><marc:datafield tag="336" ind1=" " ind2=" "><marc:subfield code="a">text</marc:subfield><marc:subfield code="b">txt</marc:subfield><marc:subfield code="2">rdacontent</marc:subfield></marc:datafield><marc:datafield tag="337" ind1=" " ind2=" "><marc:subfield code="a">unmediated</marc:subfield><marc:subfield code="b">n</marc:subfield><marc:subfield code="2">rdamedia</marc:subfield></marc:datafield><marc:datafield tag="338" ind1=" " ind2=" "><marc:subfield code="a">volume</marc:subfield><marc:subfield code="b">nc</marc:subfield><marc:subfield code="2">rdacarrier</marc:subfield></marc:datafield><marc:datafield tag="490" ind1="1" ind2=" "><marc:subfield code="a">University of Iowa studies in natural history ... ;</marc:subfield><marc:subfield code="v">vol. XII, no. 1</marc:subfield></marc:datafield><marc:datafield tag="490" ind1="1" ind2=" "><marc:subfield code="a">On cover: University of Iowa studies. New series ;</marc:subfield><marc:subfield code="v">no. 131. May 15, 1927</marc:subfield></marc:datafield><marc:datafield tag="504" ind1=" " ind2=" "><marc:subfield code="a">Includes bibliographical references (pages 28-29).</marc:subfield></marc:datafield><marc:datafield tag="500" ind1=" " ind2=" "><marc:subfield code="a">Descriptive letterpress on versos facing the plates.</marc:subfield></marc:datafield><marc:datafield tag="650" ind1=" " ind2="0"><marc:subfield code="a">Tuatara.</marc:subfield></marc:datafield><marc:datafield tag="650" ind1=" " ind2="0"><marc:subfield code="a">Brain.</marc:subfield></marc:datafield><marc:datafield tag="650" ind1=" " ind2="2"><marc:subfield code="a">Brain</marc:subfield><marc:subfield code="0">(DNLM)D001921</marc:subfield></marc:datafield><marc:datafield tag="650" ind1=" " ind2="6"><marc:subfield code="a">Cerveau.</marc:subfield><marc:subfield code="0">(CaQQLa)201-0003439</marc:subfield></marc:datafield><marc:datafield tag="650" ind1=" " ind2="6"><marc:subfield code="a">Sphénodon ponctué.</marc:subfield><marc:subfield code="0">(CaQQLa)201-0383741</marc:subfield></marc:datafield><marc:datafield tag="650" ind1=" " ind2="7"><marc:subfield code="a">brains.</marc:subfield><marc:subfield code="2">aat</marc:subfield><marc:subfield code="0">(CStmoGRI)aat300191799</marc:subfield></marc:datafield><marc:datafield tag="650" ind1=" " ind2="7"><marc:subfield code="a">Brain</marc:subfield><marc:subfield code="2">fast</marc:subfield><marc:subfield code="0">(OCoLC)fst00837570</marc:subfield></marc:datafield><marc:datafield tag="758" ind1=" " ind2=" "><marc:subfield code="i">has work:</marc:subfield><marc:subfield code="a">The morphology of the brain of Sphenodon (Text)</marc:subfield><marc:subfield code="1">https://id.oclc.org/worldcat/entity/E39PCYTvfTRrt4TdCBvyrrVP33</marc:subfield><marc:subfield code="4">https://id.oclc.org/worldcat/ontology/hasWork</marc:subfield></marc:datafield><marc:datafield tag="776" ind1="0" ind2="8"><marc:subfield code="i">Online version:</marc:subfield><marc:subfield code="a">Christensen, Kermit, 1903-</marc:subfield><marc:subfield code="t">Morphology of the brain of Sphenodon.</marc:subfield><marc:subfield code="d">Iowa City, Ia. The University, [1927]</marc:subfield><marc:subfield code="w">(OCoLC)919972521</marc:subfield></marc:datafield><marc:datafield tag="830" ind1=" " ind2="0"><marc:subfield code="a">University of Iowa studies in natural history (1918) ;</marc:subfield><marc:subfield code="v">v. 12, no. 1.</marc:subfield></marc:datafield><marc:datafield tag="830" ind1=" " ind2="0"><marc:subfield code="a">University of Iowa studies ;</marc:subfield><marc:subfield code="v">new ser., no. 131.</marc:subfield></marc:datafield><marc:datafield tag="029" ind1="1" ind2=" "><marc:subfield code="a">AU@</marc:subfield><marc:subfield code="b">000028467601</marc:subfield></marc:datafield><marc:datafield tag="029" ind1="1" ind2=" "><marc:subfield code="a">NLGGC</marc:subfield><marc:subfield code="b">043038646</marc:subfield></marc:datafield><marc:datafield tag="029" ind1="1" ind2=" "><marc:subfield code="a">NZ1</marc:subfield><marc:subfield code="b">10398340</marc:subfield></marc:datafield><marc:datafield tag="029" ind1="1" ind2=" "><marc:subfield code="a">ZWZ</marc:subfield><marc:subfield code="b">019039336</marc:subfield></marc:datafield><marc:datafield tag="049" ind1=" " ind2=" "><marc:subfield code="a">WAUW</marc:subfield></marc:datafield></marc:record>