
<marc:record><marc:leader>03874cas a2200649 a 4500</marc:leader>
<marc:controlfield tag="001">31976451</marc:controlfield>
<marc:controlfield tag="005">20220721134742.4</marc:controlfield><marc:controlfield tag="008">950213c199u9999fluar   b    f1    0eng c</marc:controlfield><marc:controlfield tag="007">he bmb024bbca</marc:controlfield><marc:datafield tag="010" ind1=" " ind2=" "><marc:subfield code="a">sn 95027149 </marc:subfield></marc:datafield><marc:datafield tag="040" ind1=" " ind2=" "><marc:subfield code="a">GPO</marc:subfield><marc:subfield code="b">eng</marc:subfield><marc:subfield code="c">GPO</marc:subfield><marc:subfield code="d">WAU</marc:subfield><marc:subfield code="d">OCLCQ</marc:subfield><marc:subfield code="d">OCLCA</marc:subfield><marc:subfield code="d">OCLCO</marc:subfield><marc:subfield code="d">OCLCQ</marc:subfield><marc:subfield code="d">OCLCF</marc:subfield><marc:subfield code="d">OCLCQ</marc:subfield><marc:subfield code="d">MMM</marc:subfield><marc:subfield code="d">OCLCO</marc:subfield><marc:subfield code="d">COM</marc:subfield><marc:subfield code="d">OCLCO</marc:subfield><marc:subfield code="d">OCL</marc:subfield></marc:datafield><marc:datafield tag="019" ind1=" " ind2=" "><marc:subfield code="a">1145180493</marc:subfield><marc:subfield code="a">1153211211</marc:subfield><marc:subfield code="a">1166579480</marc:subfield><marc:subfield code="a">1224866682</marc:subfield><marc:subfield code="a">1225700035</marc:subfield><marc:subfield code="a">1231475093</marc:subfield><marc:subfield code="a">1298253129</marc:subfield></marc:datafield><marc:datafield tag="037" ind1=" " ind2=" "><marc:subfield code="b">Paper version available from: National Marine Fisheries Service, Miami Laboratory, Sea Turtle Program, 75 Virginia Beach Dr., Miami, FL 33149</marc:subfield></marc:datafield><marc:datafield tag="037" ind1=" " ind2=" "><marc:subfield code="b">Paper version available from: National Technical Information Service, 5285 Port Royal Rd., Springfield, VA 22161</marc:subfield></marc:datafield><marc:datafield tag="042" ind1=" " ind2=" "><marc:subfield code="a">pcc</marc:subfield></marc:datafield><marc:datafield tag="043" ind1=" " ind2=" "><marc:subfield code="a">n-us---</marc:subfield></marc:datafield><marc:datafield tag="074" ind1=" " ind2=" "><marc:subfield code="a">0208-C-04 (MF)</marc:subfield></marc:datafield><marc:datafield tag="074" ind1=" " ind2=" "><marc:subfield code="a">0208-C-04 (online)</marc:subfield></marc:datafield><marc:datafield tag="086" ind1="0" ind2=" "><marc:subfield code="a">C 55.13/2:NMFS-SEFSC-</marc:subfield></marc:datafield><marc:datafield tag="049" ind1=" " ind2=" "><marc:subfield code="a">WAUW</marc:subfield></marc:datafield><marc:datafield tag="111" ind1="2" ind2=" "><marc:subfield code="a">Annual Symposium on Sea Turtle Biology and Conservation.</marc:subfield></marc:datafield><marc:datafield tag="245" ind1="1" ind2="0"><marc:subfield code="a">Proceedings of the ... Annual Symposium on Sea Turtle Biology and Conservation.</marc:subfield></marc:datafield><marc:datafield tag="246" ind1="1" ind2=" "><marc:subfield code="i">Vol. for 18th symposium has title:</marc:subfield><marc:subfield code="a">Proceedings of the ... International Sea Turtle Symposium</marc:subfield></marc:datafield><marc:datafield tag="260" ind1=" " ind2=" "><marc:subfield code="a">Miami, FL :</marc:subfield><marc:subfield code="b">U.S. Dept. of Commerce, National Oceanographic and Atmospheric Administration, National Marine Fisheries Service, Southeast Fisheries Science Center ;</marc:subfield><marc:subfield code="a">Springfield, VA :</marc:subfield><marc:subfield code="b">Copies may be obtained by writing National Technical Information Service</marc:subfield></marc:datafield><marc:datafield tag="300" ind1=" " ind2=" "><marc:subfield code="a">volumes :</marc:subfield><marc:subfield code="b">illustrations, maps ;</marc:subfield><marc:subfield code="c">28 cm.</marc:subfield></marc:datafield><marc:datafield tag="310" ind1=" " ind2=" "><marc:subfield code="a">Annual</marc:subfield></marc:datafield><marc:datafield tag="336" ind1=" " ind2=" "><marc:subfield code="a">text</marc:subfield><marc:subfield code="b">txt</marc:subfield><marc:subfield code="2">rdacontent</marc:subfield></marc:datafield><marc:datafield tag="337" ind1=" " ind2=" "><marc:subfield code="a">microform</marc:subfield><marc:subfield code="b">h</marc:subfield><marc:subfield code="2">rdamedia</marc:subfield></marc:datafield><marc:datafield tag="338" ind1=" " ind2=" "><marc:subfield code="a">microfiche</marc:subfield><marc:subfield code="b">he</marc:subfield><marc:subfield code="2">rdacarrier</marc:subfield></marc:datafield><marc:datafield tag="490" ind1="1" ind2=" "><marc:subfield code="a">NOAA technical memorandum NMFS-SEFSC</marc:subfield></marc:datafield><marc:datafield tag="500" ind1=" " ind2=" "><marc:subfield code="a">Some v. distributed to depository libraries in microfiche.</marc:subfield></marc:datafield><marc:datafield tag="530" ind1=" " ind2=" "><marc:subfield code="a">Also issued via Internet at the NOAA web site as: Proceedings of the ... Annual Symposium on Sea Turtle Biology and Conservation (Online). Address as of Apr. 10, 2009: http://www.nmfs.noaa.gov/pr/species/turtles/symposia.htm (some issues PDF version); current access is available via PURL.</marc:subfield></marc:datafield><marc:datafield tag="588" ind1=" " ind2=" "><marc:subfield code="a">Description based on: 13th (23-27 Feb. 1993).</marc:subfield></marc:datafield><marc:datafield tag="533" ind1=" " ind2=" "><marc:subfield code="a">Microfiche.</marc:subfield><marc:subfield code="m">13th-</marc:subfield><marc:subfield code="b">[Washington, D.C.] :</marc:subfield><marc:subfield code="c">Supt. of Docs., U.S. G.P.O.,</marc:subfield><marc:subfield code="d">[1994-</marc:subfield><marc:subfield code="e">microfiches : negative.</marc:subfield></marc:datafield><marc:datafield tag="650" ind1=" " ind2="0"><marc:subfield code="a">Sea turtles</marc:subfield><marc:subfield code="v">Congresses.</marc:subfield></marc:datafield><marc:datafield tag="650" ind1=" " ind2="0"><marc:subfield code="a">Sea turtles</marc:subfield><marc:subfield code="x">Conservation</marc:subfield><marc:subfield code="v">Congresses.</marc:subfield></marc:datafield><marc:datafield tag="650" ind1=" " ind2="0"><marc:subfield code="a">Rare reptiles</marc:subfield><marc:subfield code="v">Congresses.</marc:subfield></marc:datafield><marc:datafield tag="650" ind1=" " ind2="0"><marc:subfield code="a">Wildlife conservation</marc:subfield><marc:subfield code="v">Congresses.</marc:subfield></marc:datafield><marc:datafield tag="650" ind1=" " ind2="6"><marc:subfield code="a">Reptiles rares</marc:subfield><marc:subfield code="0">(CaQQLa)201-0237004</marc:subfield><marc:subfield code="v">Congrès.</marc:subfield><marc:subfield code="0">(CaQQLa)201-0378219</marc:subfield></marc:datafield><marc:datafield tag="650" ind1=" " ind2="6"><marc:subfield code="a">Tortues marines</marc:subfield><marc:subfield code="0">(CaQQLa)201-0088476</marc:subfield><marc:subfield code="v">Congrès.</marc:subfield><marc:subfield code="0">(CaQQLa)201-0378219</marc:subfield></marc:datafield><marc:datafield tag="650" ind1=" " ind2="6"><marc:subfield code="a">Faune</marc:subfield><marc:subfield code="0">(CaQQLa)201-0009995</marc:subfield><marc:subfield code="x">Protection</marc:subfield><marc:subfield code="0">(CaQQLa)201-0009995</marc:subfield><marc:subfield code="v">Congrès.</marc:subfield><marc:subfield code="0">(CaQQLa)201-0378219</marc:subfield></marc:datafield><marc:datafield tag="650" ind1=" " ind2="6"><marc:subfield code="a">Tortues marines</marc:subfield><marc:subfield code="0">(CaQQLa)201-0088476</marc:subfield><marc:subfield code="x">Conservation</marc:subfield><marc:subfield code="0">(CaQQLa)201-0380951</marc:subfield><marc:subfield code="v">Congrès.</marc:subfield><marc:subfield code="0">(CaQQLa)201-0378219</marc:subfield></marc:datafield><marc:datafield tag="650" ind1=" " ind2="7"><marc:subfield code="a">Wildlife conservation.</marc:subfield><marc:subfield code="2">fast</marc:subfield><marc:subfield code="0">(OCoLC)fst01175253</marc:subfield></marc:datafield><marc:datafield tag="650" ind1=" " ind2="7"><marc:subfield code="a">Rare reptiles.</marc:subfield><marc:subfield code="2">fast</marc:subfield><marc:subfield code="0">(OCoLC)fst01090184</marc:subfield></marc:datafield><marc:datafield tag="650" ind1=" " ind2="7"><marc:subfield code="a">Sea turtles.</marc:subfield><marc:subfield code="2">fast</marc:subfield><marc:subfield code="0">(OCoLC)fst01110164</marc:subfield></marc:datafield><marc:datafield tag="655" ind1=" " ind2="2"><marc:subfield code="a">Congress</marc:subfield><marc:subfield code="0">(DNLM)D016423</marc:subfield></marc:datafield><marc:datafield tag="655" ind1=" " ind2="7"><marc:subfield code="a">Conference papers and proceedings.</marc:subfield><marc:subfield code="2">fast</marc:subfield><marc:subfield code="0">(OCoLC)fst01423772</marc:subfield></marc:datafield><marc:datafield tag="655" ind1=" " ind2="7"><marc:subfield code="a">Conference papers and proceedings.</marc:subfield><marc:subfield code="2">lcgft</marc:subfield></marc:datafield><marc:datafield tag="655" ind1=" " ind2="7"><marc:subfield code="a">Actes de congrès.</marc:subfield><marc:subfield code="2">rvmgf</marc:subfield><marc:subfield code="0">(CaQQLa)RVMGF-000001049</marc:subfield></marc:datafield><marc:datafield tag="710" ind1="2" ind2=" "><marc:subfield code="a">Southeast Fisheries Science Center (U.S.)</marc:subfield></marc:datafield><marc:datafield tag="776" ind1="1" ind2=" "><marc:subfield code="c">Original</marc:subfield><marc:subfield code="w">(DLC)sn 95027149</marc:subfield><marc:subfield code="w">(OCoLC)35564551</marc:subfield></marc:datafield><marc:datafield tag="776" ind1="1" ind2=" "><marc:subfield code="t">Proceedings of the ... Annual Symposium on Sea Turtle Biology and Conservation (Online)</marc:subfield></marc:datafield><marc:datafield tag="780" ind1="0" ind2="0"><marc:subfield code="a">Workshop on Sea Turtle Biology and Conservation.</marc:subfield><marc:subfield code="t">Proceedings of the ... Annual Workshop on Sea Turtle Biology and Conservation</marc:subfield></marc:datafield><marc:datafield tag="830" ind1=" " ind2="0"><marc:subfield code="a">NOAA technical memorandum NMFS-SEFSC.</marc:subfield></marc:datafield><marc:datafield tag="856" ind1="4" ind2="1"><marc:subfield code="u">https://purl.fdlp.gov/GPO/LPS6540</marc:subfield><marc:subfield code="z">Connect to this title online; some issues require Adobe Acrobat software which is available for download</marc:subfield><marc:subfield code="7">0</marc:subfield></marc:datafield><marc:datafield tag="936" ind1=" " ind2=" "><marc:subfield code="a">18th (3-7 Mar. 1998)</marc:subfield></marc:datafield><marc:datafield tag="029" ind1="1" ind2=" "><marc:subfield code="a">AU@</marc:subfield><marc:subfield code="b">000011578707</marc:subfield></marc:datafield></marc:record>