
<marc:record><marc:leader>09772cgm a2201525 a 4500</marc:leader>
<marc:controlfield tag="001">226866514</marc:controlfield>
<marc:controlfield tag="008">080501p20082007enk290 g          vleng d</marc:controlfield><marc:controlfield tag="005">20250616081916.2</marc:controlfield><marc:controlfield tag="007">vd cvaizs</marc:controlfield><marc:datafield tag="040" ind1=" " ind2=" "><marc:subfield code="a">TEFMT</marc:subfield><marc:subfield code="b">eng</marc:subfield><marc:subfield code="c">TEFMT</marc:subfield><marc:subfield code="d">GK8</marc:subfield><marc:subfield code="d">TEF</marc:subfield><marc:subfield code="d">VP@</marc:subfield><marc:subfield code="d">YDXCP</marc:subfield><marc:subfield code="d">AU@</marc:subfield><marc:subfield code="d">CN5O8</marc:subfield><marc:subfield code="d">MTG</marc:subfield><marc:subfield code="d">WIQ</marc:subfield><marc:subfield code="d">TTU</marc:subfield><marc:subfield code="d">OCLCA</marc:subfield><marc:subfield code="d">OCLCQ</marc:subfield><marc:subfield code="d">BDX</marc:subfield><marc:subfield code="d">OCLCO</marc:subfield><marc:subfield code="d">OCLCA</marc:subfield><marc:subfield code="d">OCLCF</marc:subfield><marc:subfield code="d">ZCU</marc:subfield><marc:subfield code="d">OCLCO</marc:subfield><marc:subfield code="d">OCLCA</marc:subfield><marc:subfield code="d">OCLCQ</marc:subfield><marc:subfield code="d">OCLCO</marc:subfield><marc:subfield code="d">LAL</marc:subfield><marc:subfield code="d">ACNLC</marc:subfield><marc:subfield code="d">YT1</marc:subfield><marc:subfield code="d">OCLCA</marc:subfield><marc:subfield code="d">SAV</marc:subfield><marc:subfield code="d">CN8BJ</marc:subfield><marc:subfield code="d">OCLCA</marc:subfield><marc:subfield code="d">RCL</marc:subfield><marc:subfield code="d">INT</marc:subfield><marc:subfield code="d">OCLCQ</marc:subfield><marc:subfield code="d">OCLCO</marc:subfield><marc:subfield code="d">OCLCQ</marc:subfield><marc:subfield code="d">WYG</marc:subfield><marc:subfield code="d">EZC</marc:subfield><marc:subfield code="d">OCLCO</marc:subfield><marc:subfield code="d">LKC</marc:subfield><marc:subfield code="d">OCLCO</marc:subfield><marc:subfield code="d">LMJ</marc:subfield><marc:subfield code="d">OCLCO</marc:subfield><marc:subfield code="d">AZZPT</marc:subfield><marc:subfield code="d">OCLCO</marc:subfield><marc:subfield code="d">SXQ</marc:subfield><marc:subfield code="d">OCLCO</marc:subfield><marc:subfield code="d">BYV</marc:subfield><marc:subfield code="d">OCLCO</marc:subfield><marc:subfield code="d">ZQP</marc:subfield><marc:subfield code="d">OCLCO</marc:subfield><marc:subfield code="d">RC9</marc:subfield><marc:subfield code="d">OCLCO</marc:subfield><marc:subfield code="d">OCL</marc:subfield><marc:subfield code="d">MLA</marc:subfield><marc:subfield code="d">OCLCO</marc:subfield><marc:subfield code="d">OCLCA</marc:subfield><marc:subfield code="d">OCL</marc:subfield><marc:subfield code="d">OCLCO</marc:subfield><marc:subfield code="d">FRH</marc:subfield><marc:subfield code="d">OCLCO</marc:subfield><marc:subfield code="d">OCLCQ</marc:subfield><marc:subfield code="d">OCLCO</marc:subfield><marc:subfield code="d">OCLCL</marc:subfield><marc:subfield code="d">SFB</marc:subfield><marc:subfield code="d">OCLCQ</marc:subfield><marc:subfield code="d">OCLCL</marc:subfield><marc:subfield code="d">OCLCO</marc:subfield><marc:subfield code="d">OCLCL</marc:subfield><marc:subfield code="d">OCLCO</marc:subfield><marc:subfield code="d">OCLCL</marc:subfield><marc:subfield code="d">OCLCO</marc:subfield><marc:subfield code="d">OCLCL</marc:subfield><marc:subfield code="d">OCLCO</marc:subfield><marc:subfield code="d">CMI</marc:subfield><marc:subfield code="d">UKROW</marc:subfield><marc:subfield code="d">OCLCO</marc:subfield><marc:subfield code="d">OCLCL</marc:subfield></marc:datafield><marc:datafield tag="019" ind1=" " ind2=" "><marc:subfield code="a">226979143</marc:subfield><marc:subfield code="a">670854031</marc:subfield><marc:subfield code="a">818213136</marc:subfield><marc:subfield code="a">978546995</marc:subfield><marc:subfield code="a">982673453</marc:subfield><marc:subfield code="a">990447105</marc:subfield><marc:subfield code="a">995881238</marc:subfield><marc:subfield code="a">1004461054</marc:subfield><marc:subfield code="a">1008842338</marc:subfield><marc:subfield code="a">1020533172</marc:subfield><marc:subfield code="a">1030770001</marc:subfield><marc:subfield code="a">1060736680</marc:subfield><marc:subfield code="a">1097276993</marc:subfield><marc:subfield code="a">1112363973</marc:subfield><marc:subfield code="a">1144638731</marc:subfield><marc:subfield code="a">1302893488</marc:subfield><marc:subfield code="a">1499143716</marc:subfield></marc:datafield><marc:datafield tag="020" ind1=" " ind2=" "><marc:subfield code="a">1419868276</marc:subfield></marc:datafield><marc:datafield tag="020" ind1=" " ind2=" "><marc:subfield code="a">9781419868276</marc:subfield></marc:datafield><marc:datafield tag="020" ind1=" " ind2=" "><marc:subfield code="a">5014503255329</marc:subfield></marc:datafield><marc:datafield tag="024" ind1="1" ind2="0"><marc:subfield code="a">883929018413</marc:subfield></marc:datafield><marc:datafield tag="028" ind1="4" ind2="2"><marc:subfield code="a">1000038556</marc:subfield><marc:subfield code="b">BBC Video</marc:subfield></marc:datafield><marc:datafield tag="028" ind1="4" ind2="2"><marc:subfield code="a">3000016460</marc:subfield><marc:subfield code="b">BBC Video</marc:subfield></marc:datafield><marc:datafield tag="029" ind1="1" ind2=" "><marc:subfield code="a">AU@</marc:subfield><marc:subfield code="b">000043160052</marc:subfield></marc:datafield><marc:datafield tag="029" ind1="1" ind2=" "><marc:subfield code="a">NZ1</marc:subfield><marc:subfield code="b">12798085</marc:subfield></marc:datafield><marc:datafield tag="029" ind1="1" ind2=" "><marc:subfield code="a">NZ1</marc:subfield><marc:subfield code="b">13208506</marc:subfield></marc:datafield><marc:datafield tag="029" ind1="1" ind2=" "><marc:subfield code="a">NZ1</marc:subfield><marc:subfield code="b">13292224</marc:subfield></marc:datafield><marc:datafield tag="033" ind1="0" ind2="1"><marc:subfield code="a">2007----</marc:subfield></marc:datafield><marc:datafield tag="037" ind1=" " ind2=" "><marc:subfield code="b">Midwest Tape</marc:subfield><marc:subfield code="n">http://www.midwesttapes.com</marc:subfield></marc:datafield><marc:datafield tag="044" ind1=" " ind2=" "><marc:subfield code="a">xxk</marc:subfield><marc:subfield code="a">xxu</marc:subfield></marc:datafield><marc:datafield tag="050" ind1="1" ind2="4"><marc:subfield code="a">QL641</marc:subfield><marc:subfield code="b">.L54 2008</marc:subfield></marc:datafield><marc:datafield tag="060" ind1=" " ind2="4"><marc:subfield code="a">QL 641</marc:subfield><marc:subfield code="b">L7227 2008</marc:subfield></marc:datafield><marc:datafield tag="082" ind1="0" ind2="4"><marc:subfield code="a">597.6</marc:subfield><marc:subfield code="2">22</marc:subfield><marc:subfield code="1">https://id.oclc.org/worldcat/ddc/E3jhxCtt4x6Q3hr6hqXQFy3gk9</marc:subfield></marc:datafield><marc:datafield tag="245" ind1="0" ind2="0"><marc:subfield code="a">Life in cold blood /</marc:subfield><marc:subfield code="c">2 Entertain ; a BBC/Animal Planet co-production ; BBC Bristol ; series producer, Miles Barton ; executive producer, Sara Ford ; senior producer, Hilary Jeffkins ; written by David Attenborough.</marc:subfield></marc:datafield><marc:datafield tag="260" ind1=" " ind2=" "><marc:subfield code="a">[England] :</marc:subfield><marc:subfield code="b">BBC Video ;</marc:subfield><marc:subfield code="a">[New York, NY] :</marc:subfield><marc:subfield code="b">Distributed by BBC Worldwide Americas ;</marc:subfield><marc:subfield code="a">Burbank, CA :</marc:subfield><marc:subfield code="b">Distributed by Warner Home Video,</marc:subfield><marc:subfield code="c">2008.</marc:subfield></marc:datafield><marc:datafield tag="300" ind1=" " ind2=" "><marc:subfield code="a">2 videodiscs (290 min.) :</marc:subfield><marc:subfield code="b">sound, color ;</marc:subfield><marc:subfield code="c">4 3/4 in.</marc:subfield></marc:datafield><marc:datafield tag="336" ind1=" " ind2=" "><marc:subfield code="a">two-dimensional moving image</marc:subfield><marc:subfield code="b">tdi</marc:subfield><marc:subfield code="2">rdacontent</marc:subfield></marc:datafield><marc:datafield tag="337" ind1=" " ind2=" "><marc:subfield code="a">video</marc:subfield><marc:subfield code="b">v</marc:subfield><marc:subfield code="2">rdamedia</marc:subfield></marc:datafield><marc:datafield tag="338" ind1=" " ind2=" "><marc:subfield code="a">videodisc</marc:subfield><marc:subfield code="b">vd</marc:subfield><marc:subfield code="2">rdacarrier</marc:subfield></marc:datafield><marc:datafield tag="344" ind1=" " ind2=" "><marc:subfield code="a">digital</marc:subfield><marc:subfield code="2">rdatr</marc:subfield></marc:datafield><marc:datafield tag="344" ind1=" " ind2=" "><marc:subfield code="b">video</marc:subfield></marc:datafield><marc:datafield tag="345" ind1=" " ind2=" "><marc:subfield code="a">videodisc</marc:subfield></marc:datafield><marc:datafield tag="346" ind1=" " ind2=" "><marc:subfield code="a">DVD</marc:subfield></marc:datafield><marc:datafield tag="347" ind1=" " ind2=" "><marc:subfield code="a">video file</marc:subfield></marc:datafield><marc:datafield tag="347" ind1=" " ind2=" "><marc:subfield code="b">DVD</marc:subfield></marc:datafield><marc:datafield tag="490" ind1="1" ind2=" "><marc:subfield code="a">BBC natural history collection ;</marc:subfield><marc:subfield code="v">2</marc:subfield></marc:datafield><marc:datafield tag="538" ind1=" " ind2=" "><marc:subfield code="a">DVD, region 1 NTSC, widescreen (16:9, enhanced) presentation; Dolby Digital 2.0 stereo., DVD-9 + DVD-5.</marc:subfield></marc:datafield><marc:datafield tag="546" ind1=" " ind2=" "><marc:subfield code="a">Optional English subtitles for the deaf and hard of hearing.</marc:subfield></marc:datafield><marc:datafield tag="511" ind1="0" ind2=" "><marc:subfield code="a">Host, David Attenborough.</marc:subfield></marc:datafield><marc:datafield tag="508" ind1=" " ind2=" "><marc:subfield code="a">Cold blooded truth: producer, Miles Barton ; photography, Gavin Thurston, Keith Brust, Justin Maguire, Kevin Flay, Paul Stewart, Michael Male, Mark Yates, Tom Fitz ; director, Scott Alexander ; editor, Andrew Mort ; music, David Poore, Ben Salisbury.</marc:subfield></marc:datafield><marc:datafield tag="508" ind1=" " ind2=" "><marc:subfield code="a">Land invaders: producer, Hilary Jeffkins ; photography, Justin Maguire, Gavin Thurston, Alastair MacEwen, Keith Brust, Rod Clarke ; director, Scott Alexander ; editor, Dave Pearce ; music composed by Ben Salisbury, David Poore.</marc:subfield></marc:datafield><marc:datafield tag="508" ind1=" " ind2=" "><marc:subfield code="a">Dragons of the dry: producer, Miles Barton ; photography, Justin Maguire, Gavin Thurston, Peter Nearhos, Keith Brust, Michael Male, Mark Lamble, Kevin Flay, David Wright ; director, Scott Alexander ; editor, Tim Coope ; music composed by Ben Salisbury, David Poore.</marc:subfield></marc:datafield><marc:datafield tag="508" ind1=" " ind2=" "><marc:subfield code="a">Sophisticated serpents: producer, James Brickell ; photography, Mark Yates, Mark MacEwen, Gavin Thurston, Alastair MacEwen, Justin Maguire, Peter Nearhos, Luke Barnett, Richard Fitzpatrick, Keith Brust ; director, Scott Alexander ; editor, Andrew Chastney ; music composed by David Poore, Ben Salisbury.</marc:subfield></marc:datafield><marc:datafield tag="508" ind1=" " ind2=" "><marc:subfield code="a">Armoured giants: producer, Adam White ; photography, Mark Mac Ewen, Mark Lamble, Gavin Thurston, David Wright, Scubazoo, Paul Stewart ; director, Scott Alexander ; editor, Andrew Mort ; music composed by David Poore, Ben Salisbury.</marc:subfield></marc:datafield><marc:datafield tag="508" ind1=" " ind2=" "><marc:subfield code="a">Under the skin: a BBC production for The Open University ; producer, James Brickell ; editors, Andrew Chastney, Simon Tucker ; music composed by Anthony Briscoe.</marc:subfield></marc:datafield><marc:datafield tag="500" ind1=" " ind2=" "><marc:subfield code="a">Originally produced in 2007.</marc:subfield></marc:datafield><marc:datafield tag="521" ind1="8" ind2=" "><marc:subfield code="a">Not rated.</marc:subfield></marc:datafield><marc:datafield tag="520" ind1=" " ind2=" "><marc:subfield code="a">&quot;Amphibians and reptiles ruled the world for nearly 200 million years, and today there are well over 14,000 species. Ranging from some of the largest, most deadly creatures on Earth to the smallest and strangest, these are some of the most fascinating and dramatic animals on the planet ... With breathtaking footage and amazing action photography that proves the cold-blooded world is as passionate, dramatic and bizarre as any on Earth, this definitive series reveals the secrets of the most successful creatures ever to walk - or crawl - on land&quot;--Container</marc:subfield></marc:datafield><marc:datafield tag="505" ind1="0" ind2=" "><marc:subfield code="a">disc 1. episode. The cold blooded truth (58 min.) -- episode 2. Land invaders: amphibians (58 min.) -- episode 3. Dragons of the dry: lizards (58 min.) -- disc 2. episode 4. Sophisticated serpents: snakes (58 min.) -- episode 5. Armoured giants (58 min.).</marc:subfield></marc:datafield><marc:datafield tag="500" ind1=" " ind2=" "><marc:subfield code="a">Special features: 10 minute behind the scenes featurette for each episode entitled Under the Skin.</marc:subfield></marc:datafield><marc:datafield tag="506" ind1=" " ind2=" "><marc:subfield code="a">Restrictions: Home use only.</marc:subfield></marc:datafield><marc:datafield tag="650" ind1=" " ind2="0"><marc:subfield code="a">Cold-blooded animals.</marc:subfield></marc:datafield><marc:datafield tag="650" ind1=" " ind2="0"><marc:subfield code="a">Amphibians.</marc:subfield></marc:datafield><marc:datafield tag="650" ind1=" " ind2="0"><marc:subfield code="a">Reptiles.</marc:subfield></marc:datafield><marc:datafield tag="650" ind1=" " ind2="1"><marc:subfield code="a">Amphibians.</marc:subfield></marc:datafield><marc:datafield tag="650" ind1=" " ind2="1"><marc:subfield code="a">Reptiles.</marc:subfield></marc:datafield><marc:datafield tag="650" ind1=" " ind2="2"><marc:subfield code="a">Amphibians</marc:subfield><marc:subfield code="0">(DNLM)D000663</marc:subfield></marc:datafield><marc:datafield tag="650" ind1=" " ind2="2"><marc:subfield code="a">Reptiles</marc:subfield><marc:subfield code="0">(DNLM)D012104</marc:subfield></marc:datafield><marc:datafield tag="650" ind1=" " ind2="6"><marc:subfield code="a">Poïkilothermes.</marc:subfield><marc:subfield code="0">(CaQQLa)201-0074099</marc:subfield></marc:datafield><marc:datafield tag="650" ind1=" " ind2="6"><marc:subfield code="a">Amphibiens.</marc:subfield><marc:subfield code="0">(CaQQLa)201-0033465</marc:subfield></marc:datafield><marc:datafield tag="650" ind1=" " ind2="6"><marc:subfield code="a">Reptiles.</marc:subfield><marc:subfield code="0">(CaQQLa)201-0030548</marc:subfield></marc:datafield><marc:datafield tag="650" ind1=" " ind2="7"><marc:subfield code="a">Amphibia (class)</marc:subfield><marc:subfield code="2">aat</marc:subfield><marc:subfield code="0">(CStmoGRI)aat300249665</marc:subfield></marc:datafield><marc:datafield tag="650" ind1=" " ind2="7"><marc:subfield code="a">Amphibians</marc:subfield><marc:subfield code="2">fast</marc:subfield><marc:subfield code="0">(OCoLC)fst00807900</marc:subfield></marc:datafield><marc:datafield tag="650" ind1=" " ind2="7"><marc:subfield code="a">Cold-blooded animals</marc:subfield><marc:subfield code="2">fast</marc:subfield><marc:subfield code="0">(OCoLC)fst00867018</marc:subfield></marc:datafield><marc:datafield tag="650" ind1=" " ind2="7"><marc:subfield code="a">Reptiles</marc:subfield><marc:subfield code="2">fast</marc:subfield><marc:subfield code="0">(OCoLC)fst01095020</marc:subfield></marc:datafield><marc:datafield tag="650" ind1=" " ind2="7"><marc:subfield code="a">Cold-blooded animals.</marc:subfield><marc:subfield code="2">sears</marc:subfield></marc:datafield><marc:datafield tag="650" ind1=" " ind2="7"><marc:subfield code="a">Amphibians.</marc:subfield><marc:subfield code="2">sears</marc:subfield></marc:datafield><marc:datafield tag="650" ind1=" " ind2="7"><marc:subfield code="a">Reptiles.</marc:subfield><marc:subfield code="2">sears</marc:subfield></marc:datafield><marc:datafield tag="650" ind1=" " ind2="8"><marc:subfield code="a">Cold-blooded animals.</marc:subfield></marc:datafield><marc:datafield tag="650" ind1=" " ind2="8"><marc:subfield code="a">Amphibians.</marc:subfield></marc:datafield><marc:datafield tag="650" ind1=" " ind2="8"><marc:subfield code="a">Reptiles.</marc:subfield></marc:datafield><marc:datafield tag="655" ind1=" " ind2="0"><marc:subfield code="a">Documentary television programs.</marc:subfield></marc:datafield><marc:datafield tag="655" ind1=" " ind2="0"><marc:subfield code="a">Science television programs.</marc:subfield></marc:datafield><marc:datafield tag="655" ind1=" " ind2="0"><marc:subfield code="a">Wildlife television programs.</marc:subfield></marc:datafield><marc:datafield tag="655" ind1=" " ind2="0"><marc:subfield code="a">Nature television programs.</marc:subfield></marc:datafield><marc:datafield tag="655" ind1=" " ind2="0"><marc:subfield code="a">Television programs for the hearing impaired.</marc:subfield></marc:datafield><marc:datafield tag="655" ind1=" " ind2="0"><marc:subfield code="a">Nonfiction television programs.</marc:subfield></marc:datafield><marc:datafield tag="655" ind1=" " ind2="0"><marc:subfield code="a">Television programs.</marc:subfield></marc:datafield><marc:datafield tag="655" ind1=" " ind2="4"><marc:subfield code="a">Documentary</marc:subfield><marc:subfield code="v">Television special.</marc:subfield></marc:datafield><marc:datafield tag="655" ind1=" " ind2="7"><marc:subfield code="a">Films for the hearing impaired</marc:subfield><marc:subfield code="2">fast</marc:subfield><marc:subfield code="0">(OCoLC)fst01710386</marc:subfield></marc:datafield><marc:datafield tag="655" ind1=" " ind2="7"><marc:subfield code="a">Wildlife television programs</marc:subfield><marc:subfield code="2">fast</marc:subfield><marc:subfield code="0">(OCoLC)fst01726242</marc:subfield></marc:datafield><marc:datafield tag="655" ind1=" " ind2="7"><marc:subfield code="a">Video recordings for the hearing impaired</marc:subfield><marc:subfield code="2">fast</marc:subfield><marc:subfield code="0">(OCoLC)fst01710450</marc:subfield></marc:datafield><marc:datafield tag="655" ind1=" " ind2="7"><marc:subfield code="a">Nature television programs</marc:subfield><marc:subfield code="2">fast</marc:subfield><marc:subfield code="0">(OCoLC)fst01726241</marc:subfield></marc:datafield><marc:datafield tag="655" ind1=" " ind2="7"><marc:subfield code="a">Documentary television programs</marc:subfield><marc:subfield code="2">fast</marc:subfield><marc:subfield code="0">(OCoLC)fst01710387</marc:subfield></marc:datafield><marc:datafield tag="655" ind1=" " ind2="7"><marc:subfield code="a">Nonfiction television programs</marc:subfield><marc:subfield code="2">fast</marc:subfield><marc:subfield code="0">(OCoLC)fst01710270</marc:subfield></marc:datafield><marc:datafield tag="655" ind1=" " ind2="7"><marc:subfield code="a">Science television programs</marc:subfield><marc:subfield code="2">fast</marc:subfield><marc:subfield code="0">(OCoLC)fst01726240</marc:subfield></marc:datafield><marc:datafield tag="655" ind1=" " ind2="7"><marc:subfield code="a">Television programs</marc:subfield><marc:subfield code="2">fast</marc:subfield><marc:subfield code="0">(OCoLC)fst01726253</marc:subfield></marc:datafield><marc:datafield tag="655" ind1=" " ind2="7"><marc:subfield code="a">Television programs for the hearing impaired</marc:subfield><marc:subfield code="2">fast</marc:subfield><marc:subfield code="0">(OCoLC)fst01710267</marc:subfield></marc:datafield><marc:datafield tag="655" ind1=" " ind2="7"><marc:subfield code="a">Documentary television programs.</marc:subfield><marc:subfield code="2">lcgft</marc:subfield></marc:datafield><marc:datafield tag="655" ind1=" " ind2="7"><marc:subfield code="a">Science television programs.</marc:subfield><marc:subfield code="2">lcgft</marc:subfield></marc:datafield><marc:datafield tag="655" ind1=" " ind2="7"><marc:subfield code="a">Wildlife television programs.</marc:subfield><marc:subfield code="2">lcgft</marc:subfield></marc:datafield><marc:datafield tag="655" ind1=" " ind2="7"><marc:subfield code="a">Nature television programs.</marc:subfield><marc:subfield code="2">lcgft</marc:subfield></marc:datafield><marc:datafield tag="655" ind1=" " ind2="7"><marc:subfield code="a">Television programs for the hearing impaired.</marc:subfield><marc:subfield code="2">lcgft</marc:subfield></marc:datafield><marc:datafield tag="655" ind1=" " ind2="7"><marc:subfield code="a">Nonfiction television programs.</marc:subfield><marc:subfield code="2">lcgft</marc:subfield></marc:datafield><marc:datafield tag="655" ind1=" " ind2="7"><marc:subfield code="a">Television programs.</marc:subfield><marc:subfield code="2">lcgft</marc:subfield></marc:datafield><marc:datafield tag="655" ind1=" " ind2="7"><marc:subfield code="a">Films for the hearing impaired.</marc:subfield><marc:subfield code="2">lcgft</marc:subfield></marc:datafield><marc:datafield tag="655" ind1=" " ind2="7"><marc:subfield code="a">Video recordings for the hearing impaired.</marc:subfield><marc:subfield code="2">lcgft</marc:subfield></marc:datafield><marc:datafield tag="655" ind1=" " ind2="7"><marc:subfield code="a">Documentary</marc:subfield><marc:subfield code="v">Television special.</marc:subfield><marc:subfield code="2">migfg</marc:subfield></marc:datafield><marc:datafield tag="655" ind1=" " ind2="7"><marc:subfield code="a">Documentaires télévisés.</marc:subfield><marc:subfield code="2">rvmgf</marc:subfield><marc:subfield code="0">(CaQQLa)RVMGF-000000018</marc:subfield></marc:datafield><marc:datafield tag="655" ind1=" " ind2="7"><marc:subfield code="a">Émissions scientifiques télévisées.</marc:subfield><marc:subfield code="2">rvmgf</marc:subfield><marc:subfield code="0">(CaQQLa)RVMGF-000000063</marc:subfield></marc:datafield><marc:datafield tag="655" ind1=" " ind2="7"><marc:subfield code="a">Émissions télévisées sur la faune et la flore.</marc:subfield><marc:subfield code="2">rvmgf</marc:subfield><marc:subfield code="0">(CaQQLa)RVMGF-000000051</marc:subfield></marc:datafield><marc:datafield tag="655" ind1=" " ind2="7"><marc:subfield code="a">Émissions télévisées sur la nature.</marc:subfield><marc:subfield code="2">rvmgf</marc:subfield><marc:subfield code="0">(CaQQLa)RVMGF-000000052</marc:subfield></marc:datafield><marc:datafield tag="655" ind1=" " ind2="7"><marc:subfield code="a">Émissions télévisées pour personnes ayant une déficience auditive.</marc:subfield><marc:subfield code="2">rvmgf</marc:subfield><marc:subfield code="0">(CaQQLa)RVMGF-000000020</marc:subfield></marc:datafield><marc:datafield tag="655" ind1=" " ind2="7"><marc:subfield code="a">Émissions télévisées autres que de fiction.</marc:subfield><marc:subfield code="2">rvmgf</marc:subfield><marc:subfield code="0">(CaQQLa)RVMGF-000000019</marc:subfield></marc:datafield><marc:datafield tag="655" ind1=" " ind2="7"><marc:subfield code="a">Émissions télévisées.</marc:subfield><marc:subfield code="2">rvmgf</marc:subfield><marc:subfield code="0">(CaQQLa)RVMGF-000000027</marc:subfield></marc:datafield><marc:datafield tag="655" ind1=" " ind2="7"><marc:subfield code="a">Films pour personnes ayant une déficience auditive.</marc:subfield><marc:subfield code="2">rvmgf</marc:subfield><marc:subfield code="0">(CaQQLa)RVMGF-000000006</marc:subfield></marc:datafield><marc:datafield tag="655" ind1=" " ind2="7"><marc:subfield code="a">Vidéos pour personnes ayant une déficience auditive.</marc:subfield><marc:subfield code="2">rvmgf</marc:subfield><marc:subfield code="0">(CaQQLa)RVMGF-000000009</marc:subfield></marc:datafield><marc:datafield tag="700" ind1="1" ind2=" "><marc:subfield code="a">Barton, Miles.</marc:subfield></marc:datafield><marc:datafield tag="700" ind1="1" ind2=" "><marc:subfield code="a">Ford, Sara.</marc:subfield></marc:datafield><marc:datafield tag="700" ind1="1" ind2=" "><marc:subfield code="a">Brickell, James.</marc:subfield></marc:datafield><marc:datafield tag="700" ind1="1" ind2=" "><marc:subfield code="a">White, Adam.</marc:subfield></marc:datafield><marc:datafield tag="700" ind1="1" ind2=" "><marc:subfield code="a">Jeffkins, Hilary.</marc:subfield></marc:datafield><marc:datafield tag="700" ind1="1" ind2=" "><marc:subfield code="a">Attenborough, David,</marc:subfield><marc:subfield code="d">1926-</marc:subfield><marc:subfield code="4">aus</marc:subfield><marc:subfield code="4">nrt</marc:subfield><marc:subfield code="1">https://id.oclc.org/worldcat/entity/E39PBJv4fXB6K34Xdvfm4j7yh3</marc:subfield></marc:datafield><marc:datafield tag="710" ind1="2" ind2=" "><marc:subfield code="a">2 Entertain (Firm)</marc:subfield><marc:subfield code="1">https://id.oclc.org/worldcat/entity/E39QH7Jmqv6JfcP4gJgf6bBfY6</marc:subfield></marc:datafield><marc:datafield tag="710" ind1="2" ind2=" "><marc:subfield code="a">British Broadcasting Corporation.</marc:subfield><marc:subfield code="b">Natural History Unit.</marc:subfield></marc:datafield><marc:datafield tag="710" ind1="2" ind2=" "><marc:subfield code="a">British Broadcasting Corporation.</marc:subfield><marc:subfield code="b">Television Service.</marc:subfield><marc:subfield code="1">https://id.oclc.org/worldcat/entity/E39QQPVp7XKCDhdmK3W93tYTB6</marc:subfield></marc:datafield><marc:datafield tag="710" ind1="2" ind2=" "><marc:subfield code="a">Animal Planet (Television network)</marc:subfield><marc:subfield code="1">https://id.oclc.org/worldcat/entity/E39QH7JmrcrDR4m6KcqJ6q37gg</marc:subfield></marc:datafield><marc:datafield tag="710" ind1="2" ind2=" "><marc:subfield code="a">BBC Video (Firm)</marc:subfield><marc:subfield code="1">https://id.oclc.org/worldcat/entity/E39QH7JmmR6YB9KkXFf47Kvb9t</marc:subfield></marc:datafield><marc:datafield tag="710" ind1="2" ind2=" "><marc:subfield code="a">BBC Worldwide Americas, Inc.</marc:subfield><marc:subfield code="1">https://id.oclc.org/worldcat/entity/E39QH7JmqGxCb4gfcCKbT7kHxt</marc:subfield></marc:datafield><marc:datafield tag="710" ind1="2" ind2=" "><marc:subfield code="a">Open University.</marc:subfield></marc:datafield><marc:datafield tag="710" ind1="2" ind2=" "><marc:subfield code="a">Warner Home Video (Firm)</marc:subfield><marc:subfield code="1">https://id.oclc.org/worldcat/entity/E39QQPVp7Xgq7hk3RjcqgQddp6</marc:subfield></marc:datafield><marc:datafield tag="758" ind1=" " ind2=" "><marc:subfield code="i">has work:</marc:subfield><marc:subfield code="a">Life in cold blood [DVD] (MovingImage)</marc:subfield><marc:subfield code="1">https://id.oclc.org/worldcat/entity/E39PCGKDkBytDbdbHC6dTMX3Yq</marc:subfield><marc:subfield code="4">https://id.oclc.org/worldcat/ontology/hasWork</marc:subfield></marc:datafield><marc:datafield tag="830" ind1=" " ind2="0"><marc:subfield code="a">BBC natural history collection ;</marc:subfield><marc:subfield code="v">2.</marc:subfield></marc:datafield><marc:datafield tag="938" ind1=" " ind2=" "><marc:subfield code="a">Brodart</marc:subfield><marc:subfield code="b">BROD</marc:subfield><marc:subfield code="n">08532974</marc:subfield><marc:subfield code="c">$34.98</marc:subfield></marc:datafield><marc:datafield tag="938" ind1=" " ind2=" "><marc:subfield code="a">YBP Library Services</marc:subfield><marc:subfield code="b">YANK</marc:subfield><marc:subfield code="n">2810605</marc:subfield></marc:datafield><marc:datafield tag="049" ind1=" " ind2=" "><marc:subfield code="a">WAUW</marc:subfield></marc:datafield></marc:record>