
<marc:record><marc:leader>01952cam a2200421 i 4500</marc:leader>
<marc:controlfield tag="001">4793614</marc:controlfield>
<marc:controlfield tag="008">790328e19530717iluab    b    000 0 eng  </marc:controlfield><marc:controlfield tag="005">20240802172346.9</marc:controlfield><marc:datafield tag="010" ind1=" " ind2=" "><marc:subfield code="a">   53012443 </marc:subfield></marc:datafield><marc:datafield tag="019" ind1=" " ind2=" "><marc:subfield code="a">40876574</marc:subfield><marc:subfield code="a">947985253</marc:subfield></marc:datafield><marc:datafield tag="029" ind1="1" ind2=" "><marc:subfield code="a">HEBIS</marc:subfield><marc:subfield code="b">134837223</marc:subfield></marc:datafield><marc:datafield tag="029" ind1="1" ind2=" "><marc:subfield code="a">NZ1</marc:subfield><marc:subfield code="b">16319058</marc:subfield></marc:datafield><marc:datafield tag="043" ind1=" " ind2=" "><marc:subfield code="a">u-nz---</marc:subfield></marc:datafield><marc:datafield tag="050" ind1=" " ind2="4"><marc:subfield code="a">QL1</marc:subfield><marc:subfield code="b">.F4 vol. 34, no. 12</marc:subfield></marc:datafield><marc:datafield tag="051" ind1=" " ind2=" "><marc:subfield code="a">QH197</marc:subfield><marc:subfield code="b">.S35</marc:subfield><marc:subfield code="c">copy 2</marc:subfield></marc:datafield><marc:datafield tag="082" ind1="1" ind2="4"><marc:subfield code="a">591.08</marc:subfield><marc:subfield code="b">C432f, v.34, no.12</marc:subfield></marc:datafield><marc:datafield tag="100" ind1="1" ind2=" "><marc:subfield code="a">Schmidt, Karl Patterson,</marc:subfield><marc:subfield code="d">1890-1957,</marc:subfield><marc:subfield code="e">author.</marc:subfield><marc:subfield code="1">https://id.oclc.org/worldcat/entity/E39PBJfmhPRqTxCgtdQWHhTT73</marc:subfield></marc:datafield><marc:datafield tag="245" ind1="1" ind2="2"><marc:subfield code="a">A visit to Karewa Island, home of the tuatara /</marc:subfield><marc:subfield code="c">Karl P. Schmidt, Chief Curator, Department of Zoology</marc:subfield></marc:datafield><marc:datafield tag="264" ind1=" " ind2="1"><marc:subfield code="a">[Chicago] :</marc:subfield><marc:subfield code="b">Chicago Natural History Museum,</marc:subfield><marc:subfield code="c">July 17, 1953</marc:subfield></marc:datafield><marc:datafield tag="300" ind1=" " ind2=" "><marc:subfield code="a">pages 153-164 :</marc:subfield><marc:subfield code="b">illustrations, map ;</marc:subfield><marc:subfield code="c">24 cm</marc:subfield></marc:datafield><marc:datafield tag="336" ind1=" " ind2=" "><marc:subfield code="a">text</marc:subfield><marc:subfield code="b">txt</marc:subfield><marc:subfield code="2">rdacontent</marc:subfield></marc:datafield><marc:datafield tag="337" ind1=" " ind2=" "><marc:subfield code="a">unmediated</marc:subfield><marc:subfield code="b">n</marc:subfield><marc:subfield code="2">rdamedia</marc:subfield></marc:datafield><marc:datafield tag="338" ind1=" " ind2=" "><marc:subfield code="a">volume</marc:subfield><marc:subfield code="b">nc</marc:subfield><marc:subfield code="2">rdacarrier</marc:subfield></marc:datafield><marc:datafield tag="490" ind1="1" ind2=" "><marc:subfield code="a">Fieldiana. Zoology ;</marc:subfield><marc:subfield code="v">Volume 34, No. 12</marc:subfield></marc:datafield><marc:datafield tag="490" ind1="1" ind2=" "><marc:subfield code="a">[Publication] ;</marc:subfield><marc:subfield code="v">No. 709</marc:subfield></marc:datafield><marc:datafield tag="504" ind1=" " ind2=" "><marc:subfield code="a">Includes bibliographical references (pages 163-164)</marc:subfield></marc:datafield><marc:datafield tag="588" ind1=" " ind2=" "><marc:subfield code="a">Caption title</marc:subfield></marc:datafield><marc:datafield tag="650" ind1=" " ind2="0"><marc:subfield code="a">Natural history</marc:subfield><marc:subfield code="z">Karewa Island.</marc:subfield></marc:datafield><marc:datafield tag="650" ind1=" " ind2="0"><marc:subfield code="a">Tuatara</marc:subfield><marc:subfield code="z">Karewa Island.</marc:subfield></marc:datafield><marc:datafield tag="650" ind1=" " ind2="7"><marc:subfield code="a">Tuatara</marc:subfield><marc:subfield code="2">fast</marc:subfield><marc:subfield code="0">(OCoLC)fst01158443</marc:subfield></marc:datafield><marc:datafield tag="650" ind1=" " ind2="7"><marc:subfield code="a">Natural history</marc:subfield><marc:subfield code="2">fast</marc:subfield><marc:subfield code="0">(OCoLC)fst01034268</marc:subfield></marc:datafield><marc:datafield tag="710" ind1="2" ind2=" "><marc:subfield code="a">Chicago Natural History Museum,</marc:subfield><marc:subfield code="e">issuing body.</marc:subfield></marc:datafield><marc:datafield tag="758" ind1=" " ind2=" "><marc:subfield code="i">has work:</marc:subfield><marc:subfield code="a">A visit to Karewa Island, home of the tuatara (Text)</marc:subfield><marc:subfield code="1">https://id.oclc.org/worldcat/entity/E39PCGd4QgFMqhYkMvVhdMJCHy</marc:subfield><marc:subfield code="4">https://id.oclc.org/worldcat/ontology/hasWork</marc:subfield></marc:datafield><marc:datafield tag="776" ind1="0" ind2="8"><marc:subfield code="i">Online version:</marc:subfield><marc:subfield code="a">Schmidt, Karl Patterson, 1890-1957.</marc:subfield><marc:subfield code="t">Visit to Karewa Island.</marc:subfield><marc:subfield code="d">Chicago : Chicago Natural History Museum, 1953</marc:subfield><marc:subfield code="w">(OCoLC)910494058</marc:subfield></marc:datafield><marc:datafield tag="830" ind1=" " ind2="0"><marc:subfield code="a">Fieldiana.</marc:subfield><marc:subfield code="p">Zoology ;</marc:subfield><marc:subfield code="v">v. 34, no. 12.</marc:subfield></marc:datafield><marc:datafield tag="830" ind1=" " ind2="0"><marc:subfield code="a">Publication (Chicago Natural History Museum) ;</marc:subfield><marc:subfield code="v">709.</marc:subfield></marc:datafield><marc:datafield tag="040" ind1=" " ind2=" "><marc:subfield code="a">DLC</marc:subfield><marc:subfield code="b">eng</marc:subfield><marc:subfield code="c">AZN</marc:subfield><marc:subfield code="d">OCL</marc:subfield><marc:subfield code="d">OCLCQ</marc:subfield><marc:subfield code="d">OCLCG</marc:subfield><marc:subfield code="d">OCLCQ</marc:subfield><marc:subfield code="d">OCLCO</marc:subfield><marc:subfield code="d">VTU</marc:subfield><marc:subfield code="d">OCLCF</marc:subfield><marc:subfield code="d">ORE</marc:subfield><marc:subfield code="d">OCL</marc:subfield><marc:subfield code="d">OCLCO</marc:subfield><marc:subfield code="d">OCLCL</marc:subfield><marc:subfield code="d">WVU</marc:subfield></marc:datafield><marc:datafield tag="049" ind1=" " ind2=" "><marc:subfield code="a">WAUW</marc:subfield></marc:datafield></marc:record>