
<marc:record><marc:leader>02877cam a2200469 a 4500</marc:leader>
<marc:controlfield tag="001">52630449</marc:controlfield>
<marc:controlfield tag="006">m     o  d f      </marc:controlfield><marc:controlfield tag="008">030717s2000    nz ab   ob   f000 0 eng c</marc:controlfield><marc:controlfield tag="005">20250628094233.9</marc:controlfield><marc:controlfield tag="007">cr gn|||||||||</marc:controlfield><marc:datafield tag="040" ind1=" " ind2=" "><marc:subfield code="a">WAU</marc:subfield><marc:subfield code="b">eng</marc:subfield><marc:subfield code="c">WAU</marc:subfield><marc:subfield code="d">WAU</marc:subfield><marc:subfield code="d">OCLCQ</marc:subfield><marc:subfield code="d">OCLCA</marc:subfield><marc:subfield code="d">OCLCF</marc:subfield><marc:subfield code="d">OCLCO</marc:subfield><marc:subfield code="d">OCLCQ</marc:subfield><marc:subfield code="d">OCLCA</marc:subfield><marc:subfield code="d">OCLCQ</marc:subfield><marc:subfield code="d">OCLCA</marc:subfield><marc:subfield code="d">OCLCQ</marc:subfield><marc:subfield code="d">OCLCO</marc:subfield><marc:subfield code="d">OCLCQ</marc:subfield><marc:subfield code="d">OCLCL</marc:subfield></marc:datafield><marc:datafield tag="020" ind1=" " ind2=" "><marc:subfield code="z">0478219636</marc:subfield></marc:datafield><marc:datafield tag="042" ind1=" " ind2=" "><marc:subfield code="a">pcc</marc:subfield></marc:datafield><marc:datafield tag="043" ind1=" " ind2=" "><marc:subfield code="a">u-nz---</marc:subfield></marc:datafield><marc:datafield tag="050" ind1=" " ind2="4"><marc:subfield code="a">QL666.R48</marc:subfield><marc:subfield code="b">T97 2000a</marc:subfield></marc:datafield><marc:datafield tag="082" ind1="0" ind2="4"><marc:subfield code="a">597.945</marc:subfield><marc:subfield code="q">OCoLC</marc:subfield><marc:subfield code="2">21/eng/20230216</marc:subfield><marc:subfield code="1">https://id.oclc.org/worldcat/ddc/E47jFxGQC97KFBkfTYPWvWCFmD</marc:subfield></marc:datafield><marc:datafield tag="100" ind1="1" ind2=" "><marc:subfield code="a">Tyrrell, Claudine L.</marc:subfield></marc:datafield><marc:datafield tag="245" ind1="1" ind2="0"><marc:subfield code="a">Variation in reproduction and condition of northern tuatara (Sphenodon punctatus punctatus) in the presence and absence of kiore /</marc:subfield><marc:subfield code="c">Claudine L. Turrell, Alison Cree, and David R. Towns.</marc:subfield></marc:datafield><marc:datafield tag="246" ind1="1" ind2="7"><marc:subfield code="a">Effect on northern tuatara of the presence of kiore</marc:subfield></marc:datafield><marc:datafield tag="260" ind1=" " ind2=" "><marc:subfield code="a">Wellington, N.Z. :</marc:subfield><marc:subfield code="b">Dept. of Conservation,</marc:subfield><marc:subfield code="c">©2000.</marc:subfield></marc:datafield><marc:datafield tag="300" ind1=" " ind2=" "><marc:subfield code="a">42 pages :</marc:subfield><marc:subfield code="b">illustrations, maps ;</marc:subfield><marc:subfield code="c">30 cm.</marc:subfield></marc:datafield><marc:datafield tag="336" ind1=" " ind2=" "><marc:subfield code="a">text</marc:subfield><marc:subfield code="b">txt</marc:subfield><marc:subfield code="2">rdacontent</marc:subfield></marc:datafield><marc:datafield tag="337" ind1=" " ind2=" "><marc:subfield code="a">computer</marc:subfield><marc:subfield code="b">c</marc:subfield><marc:subfield code="2">rdamedia</marc:subfield></marc:datafield><marc:datafield tag="338" ind1=" " ind2=" "><marc:subfield code="a">online resource</marc:subfield><marc:subfield code="b">cr</marc:subfield><marc:subfield code="2">rdacarrier</marc:subfield></marc:datafield><marc:datafield tag="490" ind1="1" ind2=" "><marc:subfield code="a">Science for conservation,</marc:subfield><marc:subfield code="x">1179-2946 ;</marc:subfield><marc:subfield code="v">153</marc:subfield></marc:datafield><marc:datafield tag="520" ind1="3" ind2=" "><marc:subfield code="a">Aspects of reproduction and condition in northern tuatara were studied between 1996 and 1998. None of the variations noted in egg production were associated with the presence of kiore. The presence of kiore was associated with lower body condition in female tuatara. Size-class distributions indicate an under-representation of juvenile and subadult tuatara on kiore-inhabited islands.</marc:subfield></marc:datafield><marc:datafield tag="504" ind1=" " ind2=" "><marc:subfield code="a">Includes bibliographical references (pages 38-42).</marc:subfield></marc:datafield><marc:datafield tag="533" ind1=" " ind2=" "><marc:subfield code="a">Electronic reproduction.</marc:subfield><marc:subfield code="b">[Wellington, N.Z. :</marc:subfield><marc:subfield code="c">Dept. of Conservation,</marc:subfield><marc:subfield code="d">between 2000 and 2003].</marc:subfield><marc:subfield code="n">Mode of access: World Wide Web.</marc:subfield><marc:subfield code="n">System requirements: Adobe Acrobat reader.</marc:subfield></marc:datafield><marc:datafield tag="539" ind1=" " ind2=" "><marc:subfield code="a">q</marc:subfield><marc:subfield code="b">2000</marc:subfield><marc:subfield code="c">2003</marc:subfield><marc:subfield code="d">nz</marc:subfield><marc:subfield code="e">n</marc:subfield><marc:subfield code="g">s</marc:subfield></marc:datafield><marc:datafield tag="650" ind1=" " ind2="0"><marc:subfield code="a">Tuatara</marc:subfield><marc:subfield code="z">New Zealand.</marc:subfield></marc:datafield><marc:datafield tag="650" ind1=" " ind2="0"><marc:subfield code="a">Polynesian rat</marc:subfield><marc:subfield code="z">New Zealand.</marc:subfield></marc:datafield><marc:datafield tag="650" ind1=" " ind2="6"><marc:subfield code="a">Sphénodon ponctué</marc:subfield><marc:subfield code="0">(CaQQLa)201-0383741</marc:subfield><marc:subfield code="z">Nouvelle-Zélande.</marc:subfield><marc:subfield code="0">(CaQQLa)201-0493133</marc:subfield></marc:datafield><marc:datafield tag="650" ind1=" " ind2="7"><marc:subfield code="a">Polynesian rat.</marc:subfield><marc:subfield code="2">fast</marc:subfield><marc:subfield code="0">(OCoLC)fst01430978</marc:subfield></marc:datafield><marc:datafield tag="650" ind1=" " ind2="7"><marc:subfield code="a">Tuatara.</marc:subfield><marc:subfield code="2">fast</marc:subfield><marc:subfield code="0">(OCoLC)fst01158443</marc:subfield></marc:datafield><marc:datafield tag="651" ind1=" " ind2="7"><marc:subfield code="a">New Zealand.</marc:subfield><marc:subfield code="2">fast</marc:subfield><marc:subfield code="0">(OCoLC)fst01204542</marc:subfield><marc:subfield code="1">https://id.oclc.org/worldcat/entity/E39QbtfRmXBg7mpKX7p4DJ8Kqp</marc:subfield></marc:datafield><marc:datafield tag="700" ind1="1" ind2=" "><marc:subfield code="a">Cree, Alison.</marc:subfield></marc:datafield><marc:datafield tag="700" ind1="1" ind2=" "><marc:subfield code="a">Towns, D. R.</marc:subfield></marc:datafield><marc:datafield tag="710" ind1="1" ind2=" "><marc:subfield code="a">New Zealand.</marc:subfield><marc:subfield code="b">Department of Conservation.</marc:subfield></marc:datafield><marc:datafield tag="758" ind1=" " ind2=" "><marc:subfield code="i">has work:</marc:subfield><marc:subfield code="a">Variation in reproduction and condition of northern tuatara (Sphenodon punctatus punctatus) in the presence and absence of kiore (Text)</marc:subfield><marc:subfield code="1">https://id.oclc.org/worldcat/entity/E39PCGcKy4MB6r74JP76ydqKbb</marc:subfield><marc:subfield code="4">https://id.oclc.org/worldcat/ontology/hasWork</marc:subfield></marc:datafield><marc:datafield tag="830" ind1=" " ind2="0"><marc:subfield code="a">Science for conservation ;</marc:subfield><marc:subfield code="v">153.</marc:subfield><marc:subfield code="x">1179-2946</marc:subfield></marc:datafield><marc:datafield tag="856" ind1="4" ind2="0"><marc:subfield code="u">http://bibpurl.oclc.org/web/5086</marc:subfield><marc:subfield code="u">http://www.doc.govt.nz/upload/documents/science-and-technical/sfc153.pdf</marc:subfield><marc:subfield code="z">Connect to this title online</marc:subfield><marc:subfield code="7">0</marc:subfield></marc:datafield><marc:datafield tag="049" ind1=" " ind2=" "><marc:subfield code="a">WAUW</marc:subfield></marc:datafield></marc:record>