
<marc:record><marc:leader>14423cpcaa2202017 a 4500</marc:leader>
<marc:controlfield tag="001">72866372</marc:controlfield>
<marc:controlfield tag="005">20241016212606.9</marc:controlfield><marc:controlfield tag="008">061013i19441984xx                  eng d</marc:controlfield><marc:datafield tag="040" ind1=" " ind2=" "><marc:subfield code="a">WAU</marc:subfield><marc:subfield code="b">eng</marc:subfield><marc:subfield code="e">dacs</marc:subfield><marc:subfield code="c">WAU</marc:subfield><marc:subfield code="d">OCLCG</marc:subfield><marc:subfield code="d">WAU</marc:subfield><marc:subfield code="d">OCLCQ</marc:subfield><marc:subfield code="d">OCLCA</marc:subfield><marc:subfield code="d">WAU</marc:subfield><marc:subfield code="d">OCLCA</marc:subfield><marc:subfield code="d">OCLCF</marc:subfield><marc:subfield code="d">OCLCO</marc:subfield><marc:subfield code="d">WAU</marc:subfield><marc:subfield code="d">OCLCA</marc:subfield><marc:subfield code="d">OCLCO</marc:subfield><marc:subfield code="d">OCLCA</marc:subfield><marc:subfield code="d">OCLCL</marc:subfield><marc:subfield code="d">OCLCQ</marc:subfield><marc:subfield code="d">OCLCL</marc:subfield><marc:subfield code="d">OCLCO</marc:subfield></marc:datafield><marc:datafield tag="043" ind1=" " ind2=" "><marc:subfield code="a">n-us-wa</marc:subfield><marc:subfield code="a">n-us-ak</marc:subfield><marc:subfield code="a">poxe---</marc:subfield></marc:datafield><marc:datafield tag="049" ind1=" " ind2=" "><marc:subfield code="a">WAUW</marc:subfield></marc:datafield><marc:datafield tag="110" ind1="2" ind2=" "><marc:subfield code="a">University of Washington.</marc:subfield><marc:subfield code="b">Laboratory of Radiation Ecology.</marc:subfield></marc:datafield><marc:datafield tag="245" ind1="1" ind2="0"><marc:subfield code="a">University of Washington, Laboratory of Radiation Ecology records,</marc:subfield><marc:subfield code="f">1944-1984.</marc:subfield></marc:datafield><marc:datafield tag="300" ind1=" " ind2=" "><marc:subfield code="a">27</marc:subfield><marc:subfield code="f">cubic feet (27</marc:subfield><marc:subfield code="f">boxes)</marc:subfield></marc:datafield><marc:datafield tag="351" ind1=" " ind2=" "><marc:subfield code="a">Arranged in two accessions: 1. Accession No. 90-060, University of Washington, Laboratory of Radiation Ecology records, 1948-1984; 2. Accession No. 00-065, University of Washington, Laboratory of Radiation Ecology records, 1944-1970.</marc:subfield></marc:datafield><marc:datafield tag="545" ind1="1" ind2=" "><marc:subfield code="a">The Applied Fisheries Laboratory was created at the University of Washington, Seattle, in 1943, with Dr. Lauren R. Donaldson as its first director. In 1946 the laboratory came under the administration of the U.S. Atomic Energy Commission. It was charged with evaluating the hazards of radiation in and around water, and its main effort was assessing the effect of the Hanford Nuclear Site on the Columbia River. In 1946 the lab began studying the biological effects of nuclear weapons tested at the Eniwetok Test Site at Bikini and Eniwetok Atolls, Marshall Islands, and after an accidental weapon detonation there in 1954, it researched the contamination of fish and native foods in the area. In 1957 a cooperative laboratory was established with the Washington Department of Game at Fern Lake in Kitsap County, Washington. The name of the Applied Fisheries Laboratory changed in 1958 to Laboratory of Radiation Biology, and in 1966 that name changed to Laboratory of Radiation Ecology. The laboratory continued as a division of the University of Washington Fisheries Research Institute until approximately 1987.</marc:subfield></marc:datafield><marc:datafield tag="520" ind1="2" ind2=" "><marc:subfield code="a">This record group documents the administration and research projects of the Applied Fisheries Laboratory, later known as the Laboratory of Radiation Biology and then the Laboratory of Radiation Ecology, at the University of Washington. Records include documentation of studies of the Bikini and Eniwetok Atolls, the larger Marshall Islands area, the Columbia River, and Fern Lake, among many other locations. Included are correspondence, reports, writings, subject files, logs, photographs and slides, trip files, convention and conference files, and ephemera.</marc:subfield></marc:datafield><marc:datafield tag="506" ind1=" " ind2=" "><marc:subfield code="a">The records are open to all users; however, access to records that are exempt from public disclosure is restricted. Contact the Special Collections division of the University of Washington Libraries for details.</marc:subfield></marc:datafield><marc:datafield tag="540" ind1=" " ind2=" "><marc:subfield code="a">These are public records; use is unrestricted when access is granted.</marc:subfield></marc:datafield><marc:datafield tag="544" ind1="1" ind2=" "><marc:subfield code="d">See also Lauren R. Donaldson papers (Record group 37.06.2932) in the</marc:subfield><marc:subfield code="a">University of Washington Libraries Special Collections Division.</marc:subfield></marc:datafield><marc:datafield tag="555" ind1="0" ind2=" "><marc:subfield code="a">A finding aid to the records is available in the Special Collections division of the University of Washington Libraries and on the World Wide Web.</marc:subfield></marc:datafield><marc:datafield tag="524" ind1=" " ind2=" "><marc:subfield code="a">University of Washington, Laboratory of Radiation Ecology records. Special Collections Division, University of Washington Libraries, Seattle, Washington.</marc:subfield></marc:datafield><marc:datafield tag="600" ind1="1" ind2="0"><marc:subfield code="a">Donaldson, Lauren R.</marc:subfield><marc:subfield code="q">(Lauren Russell),</marc:subfield><marc:subfield code="d">1903-1998.</marc:subfield></marc:datafield><marc:datafield tag="600" ind1="1" ind2="0"><marc:subfield code="a">Hines, Neal O.</marc:subfield></marc:datafield><marc:datafield tag="600" ind1="1" ind2="0"><marc:subfield code="a">Schell, W. R.</marc:subfield><marc:subfield code="q">(William R.),</marc:subfield><marc:subfield code="d">1932-</marc:subfield></marc:datafield><marc:datafield tag="600" ind1="1" ind2="0"><marc:subfield code="a">Seymour, Allyn Henry,</marc:subfield><marc:subfield code="d">1913-</marc:subfield></marc:datafield><marc:datafield tag="610" ind1="2" ind2="0"><marc:subfield code="a">University of Washington.</marc:subfield><marc:subfield code="b">Laboratory of Radiation Ecology</marc:subfield><marc:subfield code="v">Archives.</marc:subfield></marc:datafield><marc:datafield tag="610" ind1="2" ind2="0"><marc:subfield code="a">University of Washington.</marc:subfield><marc:subfield code="b">Laboratory of Radiation Biology</marc:subfield><marc:subfield code="v">Archives.</marc:subfield></marc:datafield><marc:datafield tag="610" ind1="2" ind2="0"><marc:subfield code="a">University of Washington.</marc:subfield><marc:subfield code="b">Applied Fisheries Laboratory</marc:subfield><marc:subfield code="v">Archives.</marc:subfield></marc:datafield><marc:datafield tag="610" ind1="2" ind2="0"><marc:subfield code="a">U.S. Atomic Energy Commission.</marc:subfield></marc:datafield><marc:datafield tag="610" ind1="2" ind2="0"><marc:subfield code="a">Project Chariot.</marc:subfield></marc:datafield><marc:datafield tag="610" ind1="2" ind2="0"><marc:subfield code="a">University of Washington.</marc:subfield><marc:subfield code="b">Graduate School.</marc:subfield></marc:datafield><marc:datafield tag="630" ind1="0" ind2="0"><marc:subfield code="a">Proving ground.</marc:subfield></marc:datafield><marc:datafield tag="650" ind1=" " ind2="0"><marc:subfield code="a">Biological laboratories</marc:subfield><marc:subfield code="z">Washington (State)</marc:subfield><marc:subfield code="z">Seattle.</marc:subfield></marc:datafield><marc:datafield tag="650" ind1=" " ind2="0"><marc:subfield code="a">Environmental laboratories</marc:subfield><marc:subfield code="z">Washington (State)</marc:subfield><marc:subfield code="z">Seattle.</marc:subfield></marc:datafield><marc:datafield tag="650" ind1=" " ind2="0"><marc:subfield code="a">Radioactive pollution of the sea.</marc:subfield></marc:datafield><marc:datafield tag="650" ind1=" " ind2="0"><marc:subfield code="a">Radioactive pollution of water.</marc:subfield></marc:datafield><marc:datafield tag="650" ind1=" " ind2="0"><marc:subfield code="a">Radioactive substances in rivers, lakes, etc.</marc:subfield></marc:datafield><marc:datafield tag="650" ind1=" " ind2="0"><marc:subfield code="a">Radioactive pollution</marc:subfield><marc:subfield code="z">Marshall Islands.</marc:subfield></marc:datafield><marc:datafield tag="650" ind1=" " ind2="0"><marc:subfield code="a">Radioactive pollution</marc:subfield><marc:subfield code="z">Alaska</marc:subfield><marc:subfield code="z">Amchitka Island.</marc:subfield></marc:datafield><marc:datafield tag="650" ind1=" " ind2="0"><marc:subfield code="a">Radioactive pollution</marc:subfield><marc:subfield code="z">Alaska</marc:subfield><marc:subfield code="z">North Slope.</marc:subfield></marc:datafield><marc:datafield tag="650" ind1=" " ind2="0"><marc:subfield code="a">Water</marc:subfield><marc:subfield code="x">Pollution</marc:subfield><marc:subfield code="z">Alaska</marc:subfield><marc:subfield code="z">Prudhoe Bay.</marc:subfield></marc:datafield><marc:datafield tag="650" ind1=" " ind2="0"><marc:subfield code="a">Environmental monitoring</marc:subfield><marc:subfield code="z">Marshall Islands.</marc:subfield></marc:datafield><marc:datafield tag="650" ind1=" " ind2="0"><marc:subfield code="a">Radioecology.</marc:subfield></marc:datafield><marc:datafield tag="650" ind1=" " ind2="0"><marc:subfield code="a">Aquatic radioecology.</marc:subfield></marc:datafield><marc:datafield tag="650" ind1=" " ind2="0"><marc:subfield code="a">Aquatic radioecology</marc:subfield><marc:subfield code="z">Columbia River.</marc:subfield></marc:datafield><marc:datafield tag="650" ind1=" " ind2="0"><marc:subfield code="a">Marine radioecology.</marc:subfield></marc:datafield><marc:datafield tag="650" ind1=" " ind2="0"><marc:subfield code="a">Freshwater radioecology.</marc:subfield></marc:datafield><marc:datafield tag="650" ind1=" " ind2="0"><marc:subfield code="a">Radiobiology.</marc:subfield></marc:datafield><marc:datafield tag="650" ind1=" " ind2="0"><marc:subfield code="a">Radioactivity</marc:subfield><marc:subfield code="x">Physiological effect.</marc:subfield></marc:datafield><marc:datafield tag="650" ind1=" " ind2="0"><marc:subfield code="a">Radioactivity</marc:subfield><marc:subfield code="x">Toxicology.</marc:subfield></marc:datafield><marc:datafield tag="650" ind1=" " ind2="0"><marc:subfield code="a">Fishes</marc:subfield><marc:subfield code="x">Effect of radioactive pollution on.</marc:subfield></marc:datafield><marc:datafield tag="650" ind1=" " ind2="0"><marc:subfield code="a">Marine animals</marc:subfield><marc:subfield code="x">Effect of radioactive pollution on.</marc:subfield></marc:datafield><marc:datafield tag="650" ind1=" " ind2="0"><marc:subfield code="a">Underground nuclear explosions</marc:subfield><marc:subfield code="x">Environmental aspects</marc:subfield><marc:subfield code="z">Alaska</marc:subfield><marc:subfield code="z">Amchitka Island.</marc:subfield></marc:datafield><marc:datafield tag="650" ind1=" " ind2="0"><marc:subfield code="a">Scientific surveys</marc:subfield><marc:subfield code="z">Marshall Islands.</marc:subfield></marc:datafield><marc:datafield tag="650" ind1=" " ind2="0"><marc:subfield code="a">Rivers</marc:subfield><marc:subfield code="z">New York (State)</marc:subfield><marc:subfield code="x">Environmental conditions.</marc:subfield></marc:datafield><marc:datafield tag="650" ind1=" " ind2="0"><marc:subfield code="a">Radioisotopes</marc:subfield><marc:subfield code="x">Physiological effect</marc:subfield><marc:subfield code="z">Pacific Ocean.</marc:subfield></marc:datafield><marc:datafield tag="650" ind1=" " ind2="0"><marc:subfield code="a">Heavy metals</marc:subfield><marc:subfield code="x">Physiological effect.</marc:subfield></marc:datafield><marc:datafield tag="651" ind1=" " ind2="0"><marc:subfield code="a">Marshall Islands</marc:subfield><marc:subfield code="x">Environmental conditions.</marc:subfield></marc:datafield><marc:datafield tag="651" ind1=" " ind2="0"><marc:subfield code="a">Bikini Atoll (Marshall Islands)</marc:subfield><marc:subfield code="x">Environmental conditions.</marc:subfield></marc:datafield><marc:datafield tag="651" ind1=" " ind2="0"><marc:subfield code="a">Enewetak Atoll (Marshall Islands)</marc:subfield><marc:subfield code="x">Environmental conditions.</marc:subfield></marc:datafield><marc:datafield tag="651" ind1=" " ind2="0"><marc:subfield code="a">Rongelap Atoll (Marshall Islands)</marc:subfield><marc:subfield code="x">Environmental conditions.</marc:subfield></marc:datafield><marc:datafield tag="651" ind1=" " ind2="0"><marc:subfield code="a">Amchitka Island (Alaska)</marc:subfield><marc:subfield code="x">Environmental conditions.</marc:subfield></marc:datafield><marc:datafield tag="651" ind1=" " ind2="0"><marc:subfield code="a">Columbia River</marc:subfield><marc:subfield code="x">Environmental conditions.</marc:subfield></marc:datafield><marc:datafield tag="651" ind1=" " ind2="0"><marc:subfield code="a">Puget Sound (Wash.)</marc:subfield><marc:subfield code="x">Environmental conditions.</marc:subfield></marc:datafield><marc:datafield tag="651" ind1=" " ind2="0"><marc:subfield code="a">Prudhoe Bay (Alaska)</marc:subfield><marc:subfield code="x">Environmental conditions.</marc:subfield></marc:datafield><marc:datafield tag="651" ind1=" " ind2="0"><marc:subfield code="a">Koeneman, Lake (Wash.)</marc:subfield><marc:subfield code="x">Environmental conditions.</marc:subfield></marc:datafield><marc:datafield tag="651" ind1=" " ind2="0"><marc:subfield code="a">Pacific Ocean</marc:subfield><marc:subfield code="x">Environmental conditions.</marc:subfield></marc:datafield><marc:datafield tag="650" ind1=" " ind2="0"><marc:subfield code="a">Radioisotopes</marc:subfield><marc:subfield code="x">Physiological effect.</marc:subfield></marc:datafield><marc:datafield tag="650" ind1=" " ind2="2"><marc:subfield code="a">Water Pollution, Radioactive</marc:subfield><marc:subfield code="0">(DNLM)D014878</marc:subfield></marc:datafield><marc:datafield tag="650" ind1=" " ind2="2"><marc:subfield code="a">Water Pollutants, Radioactive</marc:subfield><marc:subfield code="0">(DNLM)D014875</marc:subfield></marc:datafield><marc:datafield tag="650" ind1=" " ind2="2"><marc:subfield code="a">Radiobiology</marc:subfield><marc:subfield code="0">(DNLM)D011853</marc:subfield></marc:datafield><marc:datafield tag="650" ind1=" " ind2="6"><marc:subfield code="a">Biologie</marc:subfield><marc:subfield code="0">(CaQQLa)201-0003876</marc:subfield><marc:subfield code="x">Laboratoires</marc:subfield><marc:subfield code="0">(CaQQLa)201-0003876</marc:subfield><marc:subfield code="z">Washington (État)</marc:subfield><marc:subfield code="0">(CaQQLa)201-0394837</marc:subfield><marc:subfield code="z">Seattle.</marc:subfield><marc:subfield code="0">(CaQQLa)201-0394837</marc:subfield></marc:datafield><marc:datafield tag="650" ind1=" " ind2="6"><marc:subfield code="a">Environnement</marc:subfield><marc:subfield code="0">(CaQQLa)201-0131246</marc:subfield><marc:subfield code="x">Laboratoires</marc:subfield><marc:subfield code="0">(CaQQLa)201-0131246</marc:subfield><marc:subfield code="z">Washington (État)</marc:subfield><marc:subfield code="0">(CaQQLa)201-0394837</marc:subfield><marc:subfield code="z">Seattle.</marc:subfield><marc:subfield code="0">(CaQQLa)201-0394837</marc:subfield></marc:datafield><marc:datafield tag="650" ind1=" " ind2="6"><marc:subfield code="a">Pollution radioactive de la mer.</marc:subfield><marc:subfield code="0">(CaQQLa)201-0006040</marc:subfield></marc:datafield><marc:datafield tag="650" ind1=" " ind2="6"><marc:subfield code="a">Pollution radioactive des eaux.</marc:subfield><marc:subfield code="0">(CaQQLa)201-0005863</marc:subfield></marc:datafield><marc:datafield tag="650" ind1=" " ind2="6"><marc:subfield code="a">Substances radioactives dans les cours d'eau, lacs, etc.</marc:subfield><marc:subfield code="0">(CaQQLa)201-0005862</marc:subfield></marc:datafield><marc:datafield tag="650" ind1=" " ind2="6"><marc:subfield code="a">Pollution radioactive</marc:subfield><marc:subfield code="0">(CaQQLa)201-0009628</marc:subfield><marc:subfield code="z">Alaska</marc:subfield><marc:subfield code="0">(CaQQLa)201-0461275</marc:subfield><marc:subfield code="z">Amchitka.</marc:subfield><marc:subfield code="0">(CaQQLa)201-0461275</marc:subfield></marc:datafield><marc:datafield tag="650" ind1=" " ind2="6"><marc:subfield code="a">Pollution radioactive</marc:subfield><marc:subfield code="0">(CaQQLa)201-0009628</marc:subfield><marc:subfield code="z">Alaska</marc:subfield><marc:subfield code="0">(CaQQLa)201-0461333</marc:subfield><marc:subfield code="z">North Slope.</marc:subfield><marc:subfield code="0">(CaQQLa)201-0461333</marc:subfield></marc:datafield><marc:datafield tag="650" ind1=" " ind2="6"><marc:subfield code="a">Radioécologie.</marc:subfield><marc:subfield code="0">(CaQQLa)201-0016413</marc:subfield></marc:datafield><marc:datafield tag="650" ind1=" " ind2="6"><marc:subfield code="a">Radioécologie des eaux.</marc:subfield><marc:subfield code="0">(CaQQLa)201-0299890</marc:subfield></marc:datafield><marc:datafield tag="650" ind1=" " ind2="6"><marc:subfield code="a">Radioécologie des eaux</marc:subfield><marc:subfield code="0">(CaQQLa)201-0299890</marc:subfield><marc:subfield code="z">Columbia (Fleuve)</marc:subfield><marc:subfield code="0">(CaQQLa)201-0405602</marc:subfield></marc:datafield><marc:datafield tag="650" ind1=" " ind2="6"><marc:subfield code="a">Radioécologie marine.</marc:subfield><marc:subfield code="0">(CaQQLa)201-0016415</marc:subfield></marc:datafield><marc:datafield tag="650" ind1=" " ind2="6"><marc:subfield code="a">Radioécologie d'eau douce.</marc:subfield><marc:subfield code="0">(CaQQLa)201-0299894</marc:subfield></marc:datafield><marc:datafield tag="650" ind1=" " ind2="6"><marc:subfield code="a">Radiobiologie.</marc:subfield><marc:subfield code="0">(CaQQLa)201-0009710</marc:subfield></marc:datafield><marc:datafield tag="650" ind1=" " ind2="6"><marc:subfield code="a">Radioactivité</marc:subfield><marc:subfield code="x">Effets physiologiques.</marc:subfield><marc:subfield code="0">(CaQQLa)201-0055594</marc:subfield></marc:datafield><marc:datafield tag="650" ind1=" " ind2="6"><marc:subfield code="a">Poissons</marc:subfield><marc:subfield code="x">Effets de la pollution radioactive sur.</marc:subfield><marc:subfield code="0">(CaQQLa)201-0439810</marc:subfield></marc:datafield><marc:datafield tag="650" ind1=" " ind2="6"><marc:subfield code="a">Faune marine</marc:subfield><marc:subfield code="0">(CaQQLa)201-0009398</marc:subfield><marc:subfield code="x">Effets de la pollution radioactive sur.</marc:subfield><marc:subfield code="0">(CaQQLa)000273361</marc:subfield></marc:datafield><marc:datafield tag="650" ind1=" " ind2="6"><marc:subfield code="a">Explosions nucléaires souterraines</marc:subfield><marc:subfield code="0">(CaQQLa)201-0014063</marc:subfield><marc:subfield code="x">Aspect de l'environnement</marc:subfield><marc:subfield code="0">(CaQQLa)201-0374355</marc:subfield><marc:subfield code="z">Alaska</marc:subfield><marc:subfield code="0">(CaQQLa)201-0461275</marc:subfield><marc:subfield code="z">Amchitka.</marc:subfield><marc:subfield code="0">(CaQQLa)201-0461275</marc:subfield></marc:datafield><marc:datafield tag="650" ind1=" " ind2="6"><marc:subfield code="a">Cours d'eau</marc:subfield><marc:subfield code="0">(CaQQLa)201-0110189</marc:subfield><marc:subfield code="z">New York (État)</marc:subfield><marc:subfield code="0">(CaQQLa)201-0110189</marc:subfield><marc:subfield code="x">Conditions environnementales.</marc:subfield><marc:subfield code="0">(CaQQLa)000275536</marc:subfield></marc:datafield><marc:datafield tag="650" ind1=" " ind2="6"><marc:subfield code="a">Isotopes radioactifs</marc:subfield><marc:subfield code="x">Effets physiologiques.</marc:subfield><marc:subfield code="0">(CaQQLa)201-0096170</marc:subfield></marc:datafield><marc:datafield tag="650" ind1=" " ind2="6"><marc:subfield code="a">Éléments traces métalliques</marc:subfield><marc:subfield code="x">Effets physiologiques.</marc:subfield><marc:subfield code="0">(CaQQLa)201-0068729</marc:subfield></marc:datafield><marc:datafield tag="651" ind1=" " ind2="6"><marc:subfield code="a">Marshall (Archipel)</marc:subfield><marc:subfield code="0">(CaQQLa)201-0147846</marc:subfield><marc:subfield code="x">Conditions environnementales.</marc:subfield><marc:subfield code="0">(CaQQLa)000275536</marc:subfield></marc:datafield><marc:datafield tag="651" ind1=" " ind2="6"><marc:subfield code="a">Bikini (Marshall)</marc:subfield><marc:subfield code="0">(CaQQLa)201-0157442</marc:subfield><marc:subfield code="x">Conditions environnementales.</marc:subfield><marc:subfield code="0">(CaQQLa)000275536</marc:subfield></marc:datafield><marc:datafield tag="651" ind1=" " ind2="6"><marc:subfield code="a">Eniwetok (Marshall)</marc:subfield><marc:subfield code="0">(CaQQLa)201-0243033</marc:subfield><marc:subfield code="x">Conditions environnementales.</marc:subfield><marc:subfield code="0">(CaQQLa)000275536</marc:subfield></marc:datafield><marc:datafield tag="651" ind1=" " ind2="6"><marc:subfield code="a">Amchitka (Alaska)</marc:subfield><marc:subfield code="0">(CaQQLa)201-0214681</marc:subfield><marc:subfield code="x">Conditions environnementales.</marc:subfield><marc:subfield code="0">(CaQQLa)000275536</marc:subfield></marc:datafield><marc:datafield tag="651" ind1=" " ind2="6"><marc:subfield code="a">Columbia (Fleuve)</marc:subfield><marc:subfield code="0">(CaQQLa)201-0111008</marc:subfield><marc:subfield code="x">Conditions environnementales.</marc:subfield><marc:subfield code="0">(CaQQLa)000275536</marc:subfield></marc:datafield><marc:datafield tag="651" ind1=" " ind2="6"><marc:subfield code="a">Puget Sound (Wash.)</marc:subfield><marc:subfield code="0">(CaQQLa)201-0156351</marc:subfield><marc:subfield code="x">Conditions environnementales.</marc:subfield><marc:subfield code="0">(CaQQLa)000275536</marc:subfield></marc:datafield><marc:datafield tag="651" ind1=" " ind2="6"><marc:subfield code="a">Prudhoe, Baie (Alaska)</marc:subfield><marc:subfield code="0">(CaQQLa)201-0174459</marc:subfield><marc:subfield code="x">Conditions environnementales.</marc:subfield><marc:subfield code="0">(CaQQLa)000275536</marc:subfield></marc:datafield><marc:datafield tag="651" ind1=" " ind2="6"><marc:subfield code="a">Pacifique, Océan</marc:subfield><marc:subfield code="0">(CaQQLa)201-0125183</marc:subfield><marc:subfield code="x">Conditions environnementales.</marc:subfield><marc:subfield code="0">(CaQQLa)000275536</marc:subfield></marc:datafield><marc:datafield tag="600" ind1="1" ind2="7"><marc:subfield code="a">Donaldson, Lauren R.</marc:subfield><marc:subfield code="q">(Lauren Russell),</marc:subfield><marc:subfield code="d">1903-1998</marc:subfield><marc:subfield code="2">fast</marc:subfield><marc:subfield code="1">https://id.oclc.org/worldcat/entity/E39PBJg8D69frwDB6dqjh8GCQq</marc:subfield><marc:subfield code="0">(OCoLC)fst01662665</marc:subfield></marc:datafield><marc:datafield tag="600" ind1="1" ind2="7"><marc:subfield code="a">Hines, Neal O.</marc:subfield><marc:subfield code="2">fast</marc:subfield><marc:subfield code="0">(OCoLC)fst01444940</marc:subfield></marc:datafield><marc:datafield tag="600" ind1="1" ind2="7"><marc:subfield code="a">Schell, W. R.</marc:subfield><marc:subfield code="q">(William R.),</marc:subfield><marc:subfield code="d">1932-</marc:subfield><marc:subfield code="2">fast</marc:subfield><marc:subfield code="0">(OCoLC)fst01442449</marc:subfield></marc:datafield><marc:datafield tag="600" ind1="1" ind2="7"><marc:subfield code="a">Seymour, Allyn Henry,</marc:subfield><marc:subfield code="d">1913-</marc:subfield><marc:subfield code="2">fast</marc:subfield><marc:subfield code="0">(OCoLC)fst00046507</marc:subfield></marc:datafield><marc:datafield tag="610" ind1="2" ind2="7"><marc:subfield code="a">Project Chariot</marc:subfield><marc:subfield code="2">fast</marc:subfield><marc:subfield code="1">https://id.oclc.org/worldcat/entity/E39QH7JmpTwjvCkrgFdrmP48dF</marc:subfield><marc:subfield code="0">(OCoLC)fst00695074</marc:subfield></marc:datafield><marc:datafield tag="610" ind1="2" ind2="7"><marc:subfield code="a">U.S. Atomic Energy Commission</marc:subfield><marc:subfield code="2">fast</marc:subfield><marc:subfield code="1">https://id.oclc.org/worldcat/entity/E39QQPVp7Tx9YfDVcYmgtrJHxt</marc:subfield><marc:subfield code="0">(OCoLC)fst00525928</marc:subfield></marc:datafield><marc:datafield tag="610" ind1="2" ind2="7"><marc:subfield code="a">University of Washington.</marc:subfield><marc:subfield code="b">Graduate School</marc:subfield><marc:subfield code="2">fast</marc:subfield><marc:subfield code="0">(OCoLC)fst01695804</marc:subfield></marc:datafield><marc:datafield tag="610" ind1="2" ind2="7"><marc:subfield code="a">University of Washington.</marc:subfield><marc:subfield code="b">Laboratory of Radiation Biology</marc:subfield><marc:subfield code="2">fast</marc:subfield><marc:subfield code="0">(OCoLC)fst00544280</marc:subfield></marc:datafield><marc:datafield tag="610" ind1="2" ind2="7"><marc:subfield code="a">University of Washington.</marc:subfield><marc:subfield code="b">Laboratory of Radiation Ecology</marc:subfield><marc:subfield code="2">fast</marc:subfield><marc:subfield code="0">(OCoLC)fst01444364</marc:subfield></marc:datafield><marc:datafield tag="650" ind1=" " ind2="7"><marc:subfield code="a">Aquatic radioecology</marc:subfield><marc:subfield code="2">fast</marc:subfield><marc:subfield code="0">(OCoLC)fst00812084</marc:subfield></marc:datafield><marc:datafield tag="650" ind1=" " ind2="7"><marc:subfield code="a">Biological laboratories</marc:subfield><marc:subfield code="2">fast</marc:subfield><marc:subfield code="0">(OCoLC)fst00832260</marc:subfield></marc:datafield><marc:datafield tag="650" ind1=" " ind2="7"><marc:subfield code="a">Ecology</marc:subfield><marc:subfield code="2">fast</marc:subfield><marc:subfield code="0">(OCoLC)fst00901476</marc:subfield></marc:datafield><marc:datafield tag="650" ind1=" " ind2="7"><marc:subfield code="a">Environmental laboratories</marc:subfield><marc:subfield code="2">fast</marc:subfield><marc:subfield code="0">(OCoLC)fst00913110</marc:subfield></marc:datafield><marc:datafield tag="650" ind1=" " ind2="7"><marc:subfield code="a">Environmental monitoring</marc:subfield><marc:subfield code="2">fast</marc:subfield><marc:subfield code="0">(OCoLC)fst00913214</marc:subfield></marc:datafield><marc:datafield tag="650" ind1=" " ind2="7"><marc:subfield code="a">Fishes</marc:subfield><marc:subfield code="x">Effect of radioactive pollution on</marc:subfield><marc:subfield code="2">fast</marc:subfield><marc:subfield code="0">(OCoLC)fst01765707</marc:subfield></marc:datafield><marc:datafield tag="650" ind1=" " ind2="7"><marc:subfield code="a">Freshwater radioecology</marc:subfield><marc:subfield code="2">fast</marc:subfield><marc:subfield code="0">(OCoLC)fst00935097</marc:subfield></marc:datafield><marc:datafield tag="650" ind1=" " ind2="7"><marc:subfield code="a">Heavy metals</marc:subfield><marc:subfield code="x">Physiological effect</marc:subfield><marc:subfield code="2">fast</marc:subfield><marc:subfield code="0">(OCoLC)fst00954148</marc:subfield></marc:datafield><marc:datafield tag="650" ind1=" " ind2="7"><marc:subfield code="a">Marine radioecology</marc:subfield><marc:subfield code="2">fast</marc:subfield><marc:subfield code="0">(OCoLC)fst01009877</marc:subfield></marc:datafield><marc:datafield tag="650" ind1=" " ind2="7"><marc:subfield code="a">Radioactive pollution</marc:subfield><marc:subfield code="2">fast</marc:subfield><marc:subfield code="0">(OCoLC)fst01087680</marc:subfield></marc:datafield><marc:datafield tag="650" ind1=" " ind2="7"><marc:subfield code="a">Radioactive pollution of the sea</marc:subfield><marc:subfield code="2">fast</marc:subfield><marc:subfield code="0">(OCoLC)fst01087715</marc:subfield></marc:datafield><marc:datafield tag="650" ind1=" " ind2="7"><marc:subfield code="a">Radioactive pollution of water</marc:subfield><marc:subfield code="2">fast</marc:subfield><marc:subfield code="0">(OCoLC)fst01087720</marc:subfield></marc:datafield><marc:datafield tag="650" ind1=" " ind2="7"><marc:subfield code="a">Radioactive substances in rivers, lakes, etc.</marc:subfield><marc:subfield code="2">fast</marc:subfield><marc:subfield code="0">(OCoLC)fst01087780</marc:subfield></marc:datafield><marc:datafield tag="650" ind1=" " ind2="7"><marc:subfield code="a">Radioactivity</marc:subfield><marc:subfield code="x">Physiological effect</marc:subfield><marc:subfield code="2">fast</marc:subfield><marc:subfield code="0">(OCoLC)fst01088030</marc:subfield></marc:datafield><marc:datafield tag="650" ind1=" " ind2="7"><marc:subfield code="a">Radioactivity</marc:subfield><marc:subfield code="x">Toxicology</marc:subfield><marc:subfield code="2">fast</marc:subfield><marc:subfield code="0">(OCoLC)fst01088037</marc:subfield></marc:datafield><marc:datafield tag="650" ind1=" " ind2="7"><marc:subfield code="a">Radiobiology</marc:subfield><marc:subfield code="2">fast</marc:subfield><marc:subfield code="0">(OCoLC)fst01088040</marc:subfield></marc:datafield><marc:datafield tag="650" ind1=" " ind2="7"><marc:subfield code="a">Radioecology</marc:subfield><marc:subfield code="2">fast</marc:subfield><marc:subfield code="0">(OCoLC)fst01088065</marc:subfield></marc:datafield><marc:datafield tag="650" ind1=" " ind2="7"><marc:subfield code="a">Radioisotopes</marc:subfield><marc:subfield code="x">Physiological effect</marc:subfield><marc:subfield code="2">fast</marc:subfield><marc:subfield code="0">(OCoLC)fst01088176</marc:subfield></marc:datafield><marc:datafield tag="650" ind1=" " ind2="7"><marc:subfield code="a">Scientific surveys</marc:subfield><marc:subfield code="2">fast</marc:subfield><marc:subfield code="0">(OCoLC)fst01108889</marc:subfield></marc:datafield><marc:datafield tag="650" ind1=" " ind2="7"><marc:subfield code="a">Underground nuclear explosions</marc:subfield><marc:subfield code="x">Environmental aspects</marc:subfield><marc:subfield code="2">fast</marc:subfield><marc:subfield code="0">(OCoLC)fst01160957</marc:subfield></marc:datafield><marc:datafield tag="650" ind1=" " ind2="7"><marc:subfield code="a">Water</marc:subfield><marc:subfield code="x">Pollution</marc:subfield><marc:subfield code="2">fast</marc:subfield><marc:subfield code="0">(OCoLC)fst01171279</marc:subfield></marc:datafield><marc:datafield tag="651" ind1=" " ind2="7"><marc:subfield code="a">Alaska</marc:subfield><marc:subfield code="z">Amchitka Island</marc:subfield><marc:subfield code="2">fast</marc:subfield><marc:subfield code="1">https://id.oclc.org/worldcat/entity/E39QbtfRtkDhdPHgHwYxFB8DhB</marc:subfield><marc:subfield code="0">(OCoLC)fst01262583</marc:subfield></marc:datafield><marc:datafield tag="651" ind1=" " ind2="7"><marc:subfield code="a">Alaska</marc:subfield><marc:subfield code="z">North Slope</marc:subfield><marc:subfield code="2">fast</marc:subfield><marc:subfield code="0">(OCoLC)fst01242508</marc:subfield></marc:datafield><marc:datafield tag="651" ind1=" " ind2="7"><marc:subfield code="a">Arctic Ocean</marc:subfield><marc:subfield code="z">Prudhoe Bay</marc:subfield><marc:subfield code="2">fast</marc:subfield><marc:subfield code="1">https://id.oclc.org/worldcat/entity/E39PBJr7QWvQHtBfkd66FRRqcP</marc:subfield><marc:subfield code="0">(OCoLC)fst01239746</marc:subfield></marc:datafield><marc:datafield tag="651" ind1=" " ind2="7"><marc:subfield code="a">Marshall Islands</marc:subfield><marc:subfield code="2">fast</marc:subfield><marc:subfield code="1">https://id.oclc.org/worldcat/entity/E39PBJjdjfpD3F6fMwwbRrycfq</marc:subfield><marc:subfield code="0">(OCoLC)fst01215147</marc:subfield></marc:datafield><marc:datafield tag="651" ind1=" " ind2="7"><marc:subfield code="a">Marshall Islands</marc:subfield><marc:subfield code="z">Bikini Atoll</marc:subfield><marc:subfield code="2">fast</marc:subfield><marc:subfield code="0">(OCoLC)fst01242762</marc:subfield></marc:datafield><marc:datafield tag="651" ind1=" " ind2="7"><marc:subfield code="a">Marshall Islands</marc:subfield><marc:subfield code="z">Enewetak Atoll</marc:subfield><marc:subfield code="2">fast</marc:subfield><marc:subfield code="1">https://id.oclc.org/worldcat/entity/E39PBJdrKbWmtTpgbgTJ9kyWXd</marc:subfield><marc:subfield code="0">(OCoLC)fst01244374</marc:subfield></marc:datafield><marc:datafield tag="651" ind1=" " ind2="7"><marc:subfield code="a">Marshall Islands</marc:subfield><marc:subfield code="z">Rongelap Atoll</marc:subfield><marc:subfield code="2">fast</marc:subfield><marc:subfield code="0">(OCoLC)fst01258875</marc:subfield></marc:datafield><marc:datafield tag="651" ind1=" " ind2="7"><marc:subfield code="a">New York (State)</marc:subfield><marc:subfield code="2">fast</marc:subfield><marc:subfield code="1">https://id.oclc.org/worldcat/entity/E39QbtfRjXPrf4BDHgVmQ8kx9c</marc:subfield><marc:subfield code="0">(OCoLC)fst01210280</marc:subfield></marc:datafield><marc:datafield tag="651" ind1=" " ind2="7"><marc:subfield code="a">Pacific Ocean</marc:subfield><marc:subfield code="2">fast</marc:subfield><marc:subfield code="1">https://id.oclc.org/worldcat/entity/E39PBJt3VGpY6rKDD3QVRdJVYP</marc:subfield><marc:subfield code="0">(OCoLC)fst01243528</marc:subfield></marc:datafield><marc:datafield tag="651" ind1=" " ind2="7"><marc:subfield code="a">Pacific Ocean</marc:subfield><marc:subfield code="z">Puget Sound</marc:subfield><marc:subfield code="2">fast</marc:subfield><marc:subfield code="1">https://id.oclc.org/worldcat/entity/E39PBJf4gJ73QdwpcghHdv3xXd</marc:subfield><marc:subfield code="0">(OCoLC)fst01239917</marc:subfield></marc:datafield><marc:datafield tag="651" ind1=" " ind2="7"><marc:subfield code="a">United States</marc:subfield><marc:subfield code="z">Columbia River</marc:subfield><marc:subfield code="2">fast</marc:subfield><marc:subfield code="1">https://id.oclc.org/worldcat/entity/E39PBJyrVTGWkHMtQf6kWBPxXd</marc:subfield><marc:subfield code="0">(OCoLC)fst01240046</marc:subfield></marc:datafield><marc:datafield tag="651" ind1=" " ind2="7"><marc:subfield code="a">Washington (State)</marc:subfield><marc:subfield code="z">Lake Koeneman</marc:subfield><marc:subfield code="2">fast</marc:subfield><marc:subfield code="1">https://id.oclc.org/worldcat/entity/E39PBJhGYjMgWdFfTYdwX9dCwC</marc:subfield><marc:subfield code="0">(OCoLC)fst01339679</marc:subfield></marc:datafield><marc:datafield tag="651" ind1=" " ind2="7"><marc:subfield code="a">Washington (State)</marc:subfield><marc:subfield code="z">Seattle</marc:subfield><marc:subfield code="2">fast</marc:subfield><marc:subfield code="1">https://id.oclc.org/worldcat/entity/E39PBJrWFwxmr6yX7fxxbMJv73</marc:subfield><marc:subfield code="0">(OCoLC)fst01204940</marc:subfield></marc:datafield><marc:datafield tag="655" ind1=" " ind2="0"><marc:subfield code="a">Clippings (Books, newspapers, etc.)</marc:subfield></marc:datafield><marc:datafield tag="655" ind1=" " ind2="0"><marc:subfield code="a">Slides.</marc:subfield></marc:datafield><marc:datafield tag="655" ind1=" " ind2="2"><marc:subfield code="a">Photograph</marc:subfield><marc:subfield code="0">(DNLM)D059036</marc:subfield></marc:datafield><marc:datafield tag="655" ind1=" " ind2="7"><marc:subfield code="a">correspondence.</marc:subfield><marc:subfield code="2">aat</marc:subfield><marc:subfield code="0">(CStmoGRI)aatgf300026877</marc:subfield></marc:datafield><marc:datafield tag="655" ind1=" " ind2="7"><marc:subfield code="a">Research (document genres)</marc:subfield><marc:subfield code="2">aat</marc:subfield></marc:datafield><marc:datafield tag="655" ind1=" " ind2="7"><marc:subfield code="a">reports.</marc:subfield><marc:subfield code="2">aat</marc:subfield><marc:subfield code="0">(CStmoGRI)aatgf300027267</marc:subfield></marc:datafield><marc:datafield tag="655" ind1=" " ind2="7"><marc:subfield code="a">Writings.</marc:subfield><marc:subfield code="2">aat</marc:subfield></marc:datafield><marc:datafield tag="655" ind1=" " ind2="7"><marc:subfield code="a">logs (records)</marc:subfield><marc:subfield code="2">aat</marc:subfield><marc:subfield code="0">(CStmoGRI)aatgf300202545</marc:subfield></marc:datafield><marc:datafield tag="655" ind1=" " ind2="7"><marc:subfield code="a">Conferences.</marc:subfield><marc:subfield code="2">aat</marc:subfield></marc:datafield><marc:datafield tag="655" ind1=" " ind2="7"><marc:subfield code="a">Minutes.</marc:subfield><marc:subfield code="2">aat</marc:subfield></marc:datafield><marc:datafield tag="655" ind1=" " ind2="7"><marc:subfield code="a">proposals.</marc:subfield><marc:subfield code="2">aat</marc:subfield><marc:subfield code="0">(CStmoGRI)aatgf300027261</marc:subfield></marc:datafield><marc:datafield tag="655" ind1=" " ind2="7"><marc:subfield code="a">Notes.</marc:subfield><marc:subfield code="2">aat</marc:subfield></marc:datafield><marc:datafield tag="655" ind1=" " ind2="7"><marc:subfield code="a">financial records.</marc:subfield><marc:subfield code="2">aat</marc:subfield><marc:subfield code="0">(CStmoGRI)aatgf300027473</marc:subfield></marc:datafield><marc:datafield tag="655" ind1=" " ind2="7"><marc:subfield code="a">ephemera (general object genre)</marc:subfield><marc:subfield code="2">aat</marc:subfield><marc:subfield code="0">(CStmoGRI)aatgf300028881</marc:subfield></marc:datafield><marc:datafield tag="655" ind1=" " ind2="7"><marc:subfield code="a">photographs.</marc:subfield><marc:subfield code="2">aat</marc:subfield><marc:subfield code="0">(CStmoGRI)aatgf300046300</marc:subfield></marc:datafield><marc:datafield tag="655" ind1=" " ind2="7"><marc:subfield code="a">contracts.</marc:subfield><marc:subfield code="2">aat</marc:subfield><marc:subfield code="0">(CStmoGRI)aatgf300027649</marc:subfield></marc:datafield><marc:datafield tag="655" ind1=" " ind2="7"><marc:subfield code="a">Archives</marc:subfield><marc:subfield code="2">fast</marc:subfield><marc:subfield code="0">(OCoLC)fst01423700</marc:subfield></marc:datafield><marc:datafield tag="655" ind1=" " ind2="7"><marc:subfield code="a">Contracts</marc:subfield><marc:subfield code="2">fast</marc:subfield><marc:subfield code="0">(OCoLC)fst01774255</marc:subfield></marc:datafield><marc:datafield tag="655" ind1=" " ind2="7"><marc:subfield code="a">Photographs</marc:subfield><marc:subfield code="2">fast</marc:subfield><marc:subfield code="0">(OCoLC)fst01423689</marc:subfield></marc:datafield><marc:datafield tag="655" ind1=" " ind2="7"><marc:subfield code="a">Slides</marc:subfield><marc:subfield code="2">fast</marc:subfield><marc:subfield code="0">(OCoLC)fst01423858</marc:subfield></marc:datafield><marc:datafield tag="655" ind1=" " ind2="7"><marc:subfield code="a">Photographs.</marc:subfield><marc:subfield code="2">lcgft</marc:subfield></marc:datafield><marc:datafield tag="655" ind1=" " ind2="7"><marc:subfield code="a">Contracts.</marc:subfield><marc:subfield code="2">lcgft</marc:subfield></marc:datafield><marc:datafield tag="655" ind1=" " ind2="7"><marc:subfield code="a">Photographies.</marc:subfield><marc:subfield code="2">rvmgf</marc:subfield><marc:subfield code="0">(CaQQLa)RVMGF-000001676</marc:subfield></marc:datafield><marc:datafield tag="655" ind1=" " ind2="7"><marc:subfield code="a">Contrats.</marc:subfield><marc:subfield code="2">rvmgf</marc:subfield><marc:subfield code="0">(CaQQLa)RVMGF-000001473</marc:subfield></marc:datafield><marc:datafield tag="710" ind1="2" ind2=" "><marc:subfield code="a">University of Washington.</marc:subfield><marc:subfield code="b">Applied Fisheries Laboratory.</marc:subfield></marc:datafield><marc:datafield tag="710" ind1="2" ind2=" "><marc:subfield code="a">University of Washington.</marc:subfield><marc:subfield code="b">Laboratory of Radiation Biology.</marc:subfield></marc:datafield><marc:datafield tag="710" ind1="2" ind2=" "><marc:subfield code="a">University of Washington.</marc:subfield><marc:subfield code="b">University Archives.</marc:subfield></marc:datafield><marc:datafield tag="856" ind1="4" ind2="2"><marc:subfield code="u">http://archiveswest.orbiscascade.org/ark:/80444/xv21606</marc:subfield><marc:subfield code="z">Connect to the online finding aid for this collection</marc:subfield></marc:datafield></marc:record>