
<marc:record><marc:leader>07947cpcaa2200817 a 4500</marc:leader>
<marc:controlfield tag="001">264741367</marc:controlfield>
<marc:controlfield tag="005">20240312015744.7</marc:controlfield><marc:controlfield tag="008">081029i19191930xx                  eng d</marc:controlfield><marc:datafield tag="040" ind1=" " ind2=" "><marc:subfield code="a">WAU</marc:subfield><marc:subfield code="b">eng</marc:subfield><marc:subfield code="e">dacs</marc:subfield><marc:subfield code="c">WAU</marc:subfield><marc:subfield code="d">WAU</marc:subfield><marc:subfield code="d">OCLCQ</marc:subfield><marc:subfield code="d">OCLCA</marc:subfield><marc:subfield code="d">OCLCO</marc:subfield><marc:subfield code="d">OCLCA</marc:subfield><marc:subfield code="d">OCLCF</marc:subfield><marc:subfield code="d">OCLCA</marc:subfield><marc:subfield code="d">OCL</marc:subfield><marc:subfield code="d">OCLCO</marc:subfield><marc:subfield code="d">OCLCL</marc:subfield><marc:subfield code="d">OCLCQ</marc:subfield></marc:datafield><marc:datafield tag="043" ind1=" " ind2=" "><marc:subfield code="a">n-us-ak</marc:subfield><marc:subfield code="a">n-cn-yk</marc:subfield></marc:datafield><marc:datafield tag="049" ind1=" " ind2=" "><marc:subfield code="a">WAUW</marc:subfield></marc:datafield><marc:datafield tag="100" ind1="1" ind2=" "><marc:subfield code="a">Hartshorn, Florence M.,</marc:subfield><marc:subfield code="d">1869-1943.</marc:subfield><marc:subfield code="1">https://id.oclc.org/worldcat/entity/E39PBJgCF43KQ9ckbQmHdvQjG3</marc:subfield></marc:datafield><marc:datafield tag="245" ind1="1" ind2="0"><marc:subfield code="a">Florence M. Hartshorn scrapbook,</marc:subfield><marc:subfield code="f">1919-1930.</marc:subfield></marc:datafield><marc:datafield tag="300" ind1=" " ind2=" "><marc:subfield code="a">3 v. ;</marc:subfield><marc:subfield code="c">28-36 centimeters.</marc:subfield></marc:datafield><marc:datafield tag="545" ind1="0" ind2=" "><marc:subfield code="a">Florence M. Hartshorn (1869-1943) was an early pioneer of Alaska and a photographer's assistant during the Klondike Gold Rush. Born in Michigan, Florence married Albert K. Hartshorn and had one daughter, Hazel Hartshorn Goslie. Florence, and her daughter, arrived in Sitka, Alaska in 1898 at the peak of the Gold Rush, and reconnected with her husband who had gone ahead to establish a blacksmith shop at Lake Bennett, British Columbia, north and east of Sitka. At Lake Bennett, Florence began assisting photographer E.J. Hamacher in 1898. Over the next two decades, the Hartshorns lived in both Seattle and Canada. By the late 1920s, the Hartshorns were divorced and Florence moved permanently to Seattle, where she was an active member of the Ladies of the Golden North, an organization of early women pioneers in Alaska. From 1928 to 1929, Florence began a successful campaign to raise money for a monument to be placed at Dead Horse Gulch in the White Pass, commemorating the thousands of pack animals that died transporting supplies to the gold fields.</marc:subfield></marc:datafield><marc:datafield tag="520" ind1="2" ind2=" "><marc:subfield code="a">The Florence M. Hartshorn scrapbooks are a compilation of material on Alaska. The first volume contains clippings of articles, letters, and photographs related to the erection of a monument dedicated to the pack horses of the Klondike Gold Rush who perished along the White Pass trail from 1897-1899. The idea for the monument was developed by Hartshorn. There are many letters written by Hartshorn to various municipal and charitable organizations requesting donations for the monument. There are also several letters from the curator of the Alaska Historical Museum in Juneau, A.P. Kashevaroff, and from the Alaska Department of the Seattle Chamber of Commerce, C.D. Garfield, who seemed to play a larger role in the dedication of the monument. The letters range in date from 1928 to 1930. Photographs of the monument and of the dedication ceremony on August 24, 1929 at &quot;Dead Horse Gulch&quot; on White Pass, in which Hartshorn participated, are also in the scrapbook. The clippings of articles are dated 1928-1929; materials are not arranged in chronological order. A second scrapbook contains clippings of articles related to Alaska and the Arctic pasted into a copy of the Saturday Evening Post. Articles in the scrapbook are dated roughly from 1919 to 1930. They are arranged loosely in chronological order. Several of the articles in the beginning of the scrapbook detail the adventures of Arctic explorer, Vilhjalmur Stefansson, who claimed to have discovered the &quot;blond Eskimos&quot; of Victoria Island, Canada. There are also articles about Alaska news and human interest stories, as well as clippings about various Seattle lectures sponsored by the Alaska Yukon Pioneers. A third scrapbook, which contains clippings of articles related to Alaska pasted into a copy of the Woman's Home Companion journal contains articles detailing human interest stories from Alaska, as well as stories reminiscent of the Gold Rush era, including the annual Seattle Stampede, an event celebrating the start of the rush to the Klondike in 1897. All of the scrapbooks are fragile; two are unbound.</marc:subfield></marc:datafield><marc:datafield tag="506" ind1=" " ind2=" "><marc:subfield code="a">Open to all users.</marc:subfield></marc:datafield><marc:datafield tag="540" ind1=" " ind2=" "><marc:subfield code="a">Creator's literary rights not transferred to the University of Washington Libraries.</marc:subfield></marc:datafield><marc:datafield tag="544" ind1="1" ind2=" "><marc:subfield code="d">See also</marc:subfield><marc:subfield code="3">Florence M. Hartshorn papers (Manuscript collection 0570) in the</marc:subfield><marc:subfield code="a">Special Collections Division, University of Washington Libraries.</marc:subfield></marc:datafield><marc:datafield tag="544" ind1=" " ind2=" "><marc:subfield code="d">See also</marc:subfield><marc:subfield code="3">Florence M. Hartshorn photograph collection (PH203_005) in the</marc:subfield><marc:subfield code="a">Special Collections &amp; University Archives, University of Oregon Libraries.</marc:subfield></marc:datafield><marc:datafield tag="600" ind1="1" ind2="0"><marc:subfield code="a">Hartshorn, Florence M.,</marc:subfield><marc:subfield code="d">1869-1943.</marc:subfield></marc:datafield><marc:datafield tag="600" ind1="1" ind2="0"><marc:subfield code="a">Garfield, Charles D.,</marc:subfield><marc:subfield code="d">1867-1961</marc:subfield><marc:subfield code="v">Correspondence.</marc:subfield></marc:datafield><marc:datafield tag="600" ind1="1" ind2="0"><marc:subfield code="a">Kashevaroff, A. P.</marc:subfield><marc:subfield code="q">(Andrew P.),</marc:subfield><marc:subfield code="d">1863-1940</marc:subfield><marc:subfield code="v">Correspondence.</marc:subfield></marc:datafield><marc:datafield tag="600" ind1="1" ind2="0"><marc:subfield code="a">Stefansson, Vilhjalmur,</marc:subfield><marc:subfield code="d">1879-1962.</marc:subfield></marc:datafield><marc:datafield tag="651" ind1=" " ind2="0"><marc:subfield code="a">Alaska</marc:subfield><marc:subfield code="x">History</marc:subfield><marc:subfield code="y">1867-1959.</marc:subfield></marc:datafield><marc:datafield tag="650" ind1=" " ind2="0"><marc:subfield code="a">Gold mines and mining</marc:subfield><marc:subfield code="z">Yukon</marc:subfield><marc:subfield code="z">Klondike River Valley</marc:subfield><marc:subfield code="x">History.</marc:subfield></marc:datafield><marc:datafield tag="650" ind1=" " ind2="0"><marc:subfield code="a">Frontier and pioneer life</marc:subfield><marc:subfield code="z">Alaska.</marc:subfield></marc:datafield><marc:datafield tag="650" ind1=" " ind2="0"><marc:subfield code="a">Frontier and pioneer life</marc:subfield><marc:subfield code="z">Yukon</marc:subfield><marc:subfield code="z">Klondike River Valley.</marc:subfield></marc:datafield><marc:datafield tag="650" ind1=" " ind2="0"><marc:subfield code="a">Monuments</marc:subfield><marc:subfield code="z">Alaska.</marc:subfield></marc:datafield><marc:datafield tag="650" ind1=" " ind2="0"><marc:subfield code="a">Pioneers</marc:subfield><marc:subfield code="z">Alaska</marc:subfield><marc:subfield code="x">History.</marc:subfield></marc:datafield><marc:datafield tag="650" ind1=" " ind2="0"><marc:subfield code="a">Pioneers</marc:subfield><marc:subfield code="z">Yukon</marc:subfield><marc:subfield code="z">Klondike River Valley</marc:subfield><marc:subfield code="x">History.</marc:subfield></marc:datafield><marc:datafield tag="650" ind1=" " ind2="0"><marc:subfield code="a">Women pioneers</marc:subfield><marc:subfield code="z">Alaska.</marc:subfield></marc:datafield><marc:datafield tag="650" ind1=" " ind2="0"><marc:subfield code="a">Working animals</marc:subfield><marc:subfield code="z">Alaska.</marc:subfield></marc:datafield><marc:datafield tag="651" ind1=" " ind2="0"><marc:subfield code="a">Alaska</marc:subfield><marc:subfield code="x">Gold discoveries</marc:subfield><marc:subfield code="x">History.</marc:subfield></marc:datafield><marc:datafield tag="651" ind1=" " ind2="0"><marc:subfield code="a">Klondike River Valley (Yukon)</marc:subfield><marc:subfield code="x">Gold discoveries</marc:subfield><marc:subfield code="x">History.</marc:subfield></marc:datafield><marc:datafield tag="651" ind1=" " ind2="6"><marc:subfield code="a">Alaska</marc:subfield><marc:subfield code="x">Histoire</marc:subfield><marc:subfield code="y">1867-1959.</marc:subfield><marc:subfield code="0">(CaQQLa)201-0008194</marc:subfield></marc:datafield><marc:datafield tag="650" ind1=" " ind2="6"><marc:subfield code="a">Or</marc:subfield><marc:subfield code="0">(CaQQLa)201-0007117</marc:subfield><marc:subfield code="x">Mines et extraction</marc:subfield><marc:subfield code="0">(CaQQLa)201-0007117</marc:subfield><marc:subfield code="z">Yukon</marc:subfield><marc:subfield code="0">(CaQQLa)201-0446797</marc:subfield><marc:subfield code="z">Klondike, Vallée du</marc:subfield><marc:subfield code="0">(CaQQLa)201-0446797</marc:subfield><marc:subfield code="x">Histoire.</marc:subfield><marc:subfield code="0">(CaQQLa)201-0378888</marc:subfield></marc:datafield><marc:datafield tag="650" ind1=" " ind2="6"><marc:subfield code="a">Monuments</marc:subfield><marc:subfield code="0">(CaQQLa)201-0016292</marc:subfield><marc:subfield code="z">Alaska.</marc:subfield><marc:subfield code="0">(CaQQLa)201-0460551</marc:subfield></marc:datafield><marc:datafield tag="650" ind1=" " ind2="6"><marc:subfield code="a">Pionniers</marc:subfield><marc:subfield code="0">(CaQQLa)201-0007459</marc:subfield><marc:subfield code="z">Alaska</marc:subfield><marc:subfield code="0">(CaQQLa)201-0460551</marc:subfield><marc:subfield code="x">Histoire.</marc:subfield><marc:subfield code="0">(CaQQLa)201-0378888</marc:subfield></marc:datafield><marc:datafield tag="650" ind1=" " ind2="6"><marc:subfield code="a">Pionniers</marc:subfield><marc:subfield code="0">(CaQQLa)201-0007459</marc:subfield><marc:subfield code="z">Yukon</marc:subfield><marc:subfield code="0">(CaQQLa)201-0446797</marc:subfield><marc:subfield code="z">Klondike, Vallée du</marc:subfield><marc:subfield code="0">(CaQQLa)201-0446797</marc:subfield><marc:subfield code="x">Histoire.</marc:subfield><marc:subfield code="0">(CaQQLa)201-0378888</marc:subfield></marc:datafield><marc:datafield tag="650" ind1=" " ind2="6"><marc:subfield code="a">Pionnières</marc:subfield><marc:subfield code="0">(CaQQLa)201-0122067</marc:subfield><marc:subfield code="z">Alaska.</marc:subfield><marc:subfield code="0">(CaQQLa)201-0460551</marc:subfield></marc:datafield><marc:datafield tag="650" ind1=" " ind2="6"><marc:subfield code="a">Animaux de travail</marc:subfield><marc:subfield code="0">(CaQQLa)201-0001373</marc:subfield><marc:subfield code="z">Alaska.</marc:subfield><marc:subfield code="0">(CaQQLa)201-0460551</marc:subfield></marc:datafield><marc:datafield tag="651" ind1=" " ind2="6"><marc:subfield code="a">Alaska</marc:subfield><marc:subfield code="0">(CaQQLa)201-0100885</marc:subfield><marc:subfield code="x">Découvertes d'or.</marc:subfield><marc:subfield code="0">(CaQQLa)201-0373928</marc:subfield></marc:datafield><marc:datafield tag="651" ind1=" " ind2="6"><marc:subfield code="a">Klondike, Vallée du (Yukon)</marc:subfield><marc:subfield code="x">Découvertes d'or.</marc:subfield><marc:subfield code="0">(CaQQLa)201-0049038</marc:subfield></marc:datafield><marc:datafield tag="600" ind1="1" ind2="7"><marc:subfield code="a">Hartshorn, Florence M.,</marc:subfield><marc:subfield code="d">1869-1943.</marc:subfield><marc:subfield code="2">fast</marc:subfield><marc:subfield code="0">(OCoLC)fst01484112</marc:subfield><marc:subfield code="1">https://id.oclc.org/worldcat/entity/E39PBJgCF43KQ9ckbQmHdvQjG3</marc:subfield></marc:datafield><marc:datafield tag="600" ind1="1" ind2="7"><marc:subfield code="a">Kashevaroff, A. P.</marc:subfield><marc:subfield code="q">(Andrew P.),</marc:subfield><marc:subfield code="d">1863-1940.</marc:subfield><marc:subfield code="2">fast</marc:subfield><marc:subfield code="0">(OCoLC)fst00493749</marc:subfield></marc:datafield><marc:datafield tag="600" ind1="1" ind2="7"><marc:subfield code="a">Stefansson, Vilhjalmur,</marc:subfield><marc:subfield code="d">1879-1962.</marc:subfield><marc:subfield code="2">fast</marc:subfield><marc:subfield code="0">(OCoLC)fst00035488</marc:subfield><marc:subfield code="1">https://id.oclc.org/worldcat/entity/E39PBJB4hKDp8Gfqm7cmYQPWjC</marc:subfield></marc:datafield><marc:datafield tag="650" ind1=" " ind2="7"><marc:subfield code="a">Frontier and pioneer life.</marc:subfield><marc:subfield code="2">fast</marc:subfield><marc:subfield code="0">(OCoLC)fst00935370</marc:subfield></marc:datafield><marc:datafield tag="650" ind1=" " ind2="7"><marc:subfield code="a">Gold mines and mining.</marc:subfield><marc:subfield code="2">fast</marc:subfield><marc:subfield code="0">(OCoLC)fst00944469</marc:subfield></marc:datafield><marc:datafield tag="650" ind1=" " ind2="7"><marc:subfield code="a">Monuments.</marc:subfield><marc:subfield code="2">fast</marc:subfield><marc:subfield code="0">(OCoLC)fst01025892</marc:subfield></marc:datafield><marc:datafield tag="650" ind1=" " ind2="7"><marc:subfield code="a">Pioneers.</marc:subfield><marc:subfield code="2">fast</marc:subfield><marc:subfield code="0">(OCoLC)fst01064447</marc:subfield></marc:datafield><marc:datafield tag="650" ind1=" " ind2="7"><marc:subfield code="a">Women pioneers.</marc:subfield><marc:subfield code="2">fast</marc:subfield><marc:subfield code="0">(OCoLC)fst01178307</marc:subfield></marc:datafield><marc:datafield tag="650" ind1=" " ind2="7"><marc:subfield code="a">Working animals.</marc:subfield><marc:subfield code="2">fast</marc:subfield><marc:subfield code="0">(OCoLC)fst01180410</marc:subfield></marc:datafield><marc:datafield tag="651" ind1=" " ind2="7"><marc:subfield code="a">Alaska.</marc:subfield><marc:subfield code="2">fast</marc:subfield><marc:subfield code="0">(OCoLC)fst01204480</marc:subfield><marc:subfield code="1">https://id.oclc.org/worldcat/entity/E39QbtfRq9rTfb3H89Vvrr9x9c</marc:subfield></marc:datafield><marc:datafield tag="651" ind1=" " ind2="7"><marc:subfield code="a">Yukon</marc:subfield><marc:subfield code="z">Klondike River Valley.</marc:subfield><marc:subfield code="2">fast</marc:subfield><marc:subfield code="0">(OCoLC)fst01895987</marc:subfield></marc:datafield><marc:datafield tag="648" ind1=" " ind2="7"><marc:subfield code="a">1867-1959</marc:subfield><marc:subfield code="2">fast</marc:subfield></marc:datafield><marc:datafield tag="655" ind1=" " ind2="2"><marc:subfield code="a">Photograph</marc:subfield><marc:subfield code="0">(DNLM)D059036</marc:subfield></marc:datafield><marc:datafield tag="655" ind1=" " ind2="7"><marc:subfield code="a">correspondence.</marc:subfield><marc:subfield code="2">aat</marc:subfield><marc:subfield code="0">(CStmoGRI)aatgf300026877</marc:subfield></marc:datafield><marc:datafield tag="655" ind1=" " ind2="7"><marc:subfield code="a">scrapbooks.</marc:subfield><marc:subfield code="2">aat</marc:subfield><marc:subfield code="0">(CStmoGRI)aatgf300027341</marc:subfield></marc:datafield><marc:datafield tag="655" ind1=" " ind2="7"><marc:subfield code="a">photographs.</marc:subfield><marc:subfield code="2">aat</marc:subfield><marc:subfield code="0">(CStmoGRI)aatgf300046300</marc:subfield></marc:datafield><marc:datafield tag="655" ind1=" " ind2="7"><marc:subfield code="a">Albums (Books)</marc:subfield><marc:subfield code="2">fast</marc:subfield><marc:subfield code="0">(OCoLC)fst01726784</marc:subfield></marc:datafield><marc:datafield tag="655" ind1=" " ind2="7"><marc:subfield code="a">History.</marc:subfield><marc:subfield code="2">fast</marc:subfield><marc:subfield code="0">(OCoLC)fst01411628</marc:subfield></marc:datafield><marc:datafield tag="655" ind1=" " ind2="7"><marc:subfield code="a">Photographs.</marc:subfield><marc:subfield code="2">fast</marc:subfield><marc:subfield code="0">(OCoLC)fst01423689</marc:subfield></marc:datafield><marc:datafield tag="655" ind1=" " ind2="7"><marc:subfield code="a">Personal correspondence.</marc:subfield><marc:subfield code="2">fast</marc:subfield><marc:subfield code="0">(OCoLC)fst01919948</marc:subfield></marc:datafield><marc:datafield tag="655" ind1=" " ind2="7"><marc:subfield code="a">Albums (Books)</marc:subfield><marc:subfield code="2">lcgft</marc:subfield></marc:datafield><marc:datafield tag="655" ind1=" " ind2="7"><marc:subfield code="a">Photographs.</marc:subfield><marc:subfield code="2">lcgft</marc:subfield></marc:datafield><marc:datafield tag="655" ind1=" " ind2="7"><marc:subfield code="a">Albums personnalisés.</marc:subfield><marc:subfield code="2">rvmgf</marc:subfield><marc:subfield code="0">(CaQQLa)RVMGF-000001033</marc:subfield></marc:datafield><marc:datafield tag="655" ind1=" " ind2="7"><marc:subfield code="a">Photographies.</marc:subfield><marc:subfield code="2">rvmgf</marc:subfield><marc:subfield code="0">(CaQQLa)RVMGF-000001676</marc:subfield></marc:datafield><marc:datafield tag="700" ind1="1" ind2=" "><marc:subfield code="a">Garfield, Charles D.,</marc:subfield><marc:subfield code="d">1867-1961.</marc:subfield><marc:subfield code="1">https://id.oclc.org/worldcat/entity/E39PCjHbXQtM8wgbxDY7fkXvtq</marc:subfield></marc:datafield><marc:datafield tag="700" ind1="1" ind2=" "><marc:subfield code="a">Kashevaroff, A. P.</marc:subfield><marc:subfield code="q">(Andrew P.),</marc:subfield><marc:subfield code="d">1863-1940.</marc:subfield><marc:subfield code="1">https://id.oclc.org/worldcat/entity/E39PCjMgwqFckQWcXh3T3vkHcq</marc:subfield></marc:datafield><marc:datafield tag="758" ind1=" " ind2=" "><marc:subfield code="i">has work:</marc:subfield><marc:subfield code="a">1919-1930 Florence M. Hartshorn scrapbook (Work)</marc:subfield><marc:subfield code="1">https://id.oclc.org/worldcat/entity/E39PCH4cJKT7kkkgy3VfmXrkTb</marc:subfield><marc:subfield code="4">https://id.oclc.org/worldcat/ontology/hasWork</marc:subfield></marc:datafield></marc:record>