
<marc:record><marc:leader>05879ckcaa22007577i 4500</marc:leader>
<marc:controlfield tag="001">946597074</marc:controlfield>
<marc:controlfield tag="005">20240415022538.1</marc:controlfield><marc:controlfield tag="008">160413i19601980xx nnn            kneng d</marc:controlfield><marc:datafield tag="040" ind1=" " ind2=" "><marc:subfield code="a">WAU</marc:subfield><marc:subfield code="b">eng</marc:subfield><marc:subfield code="e">rda</marc:subfield><marc:subfield code="e">dacs</marc:subfield><marc:subfield code="c">WAU</marc:subfield><marc:subfield code="d">WAU</marc:subfield><marc:subfield code="d">OCLCO</marc:subfield><marc:subfield code="d">WAU</marc:subfield><marc:subfield code="d">OCLCO</marc:subfield><marc:subfield code="d">WAU</marc:subfield><marc:subfield code="d">OCLCA</marc:subfield><marc:subfield code="d">OCLCF</marc:subfield><marc:subfield code="d">OCLCA</marc:subfield><marc:subfield code="d">OCLCO</marc:subfield><marc:subfield code="d">OCLCL</marc:subfield><marc:subfield code="d">OCLCQ</marc:subfield></marc:datafield><marc:datafield tag="046" ind1=" " ind2=" "><marc:subfield code="k">1960</marc:subfield><marc:subfield code="l">1980</marc:subfield><marc:subfield code="2">edtf</marc:subfield></marc:datafield><marc:datafield tag="049" ind1=" " ind2=" "><marc:subfield code="a">WAUW</marc:subfield></marc:datafield><marc:datafield tag="100" ind1="1" ind2=" "><marc:subfield code="a">Olsen, Sigurd,</marc:subfield><marc:subfield code="e">creator.</marc:subfield></marc:datafield><marc:datafield tag="245" ind1="1" ind2="0"><marc:subfield code="a">Sigurd and Ingrith Olsen papers and photographs.</marc:subfield></marc:datafield><marc:datafield tag="264" ind1=" " ind2="0"><marc:subfield code="c">circa 1960-1980</marc:subfield></marc:datafield><marc:datafield tag="300" ind1=" " ind2=" "><marc:subfield code="a">10.61</marc:subfield><marc:subfield code="f">cubic feet</marc:subfield><marc:subfield code="a">(21 boxes)</marc:subfield></marc:datafield><marc:datafield tag="336" ind1=" " ind2=" "><marc:subfield code="a">still image</marc:subfield><marc:subfield code="b">sti</marc:subfield><marc:subfield code="2">rdacontent</marc:subfield></marc:datafield><marc:datafield tag="336" ind1=" " ind2=" "><marc:subfield code="a">text</marc:subfield><marc:subfield code="b">txt</marc:subfield><marc:subfield code="2">rdacontent</marc:subfield></marc:datafield><marc:datafield tag="337" ind1=" " ind2=" "><marc:subfield code="a">unmediated</marc:subfield><marc:subfield code="b">n</marc:subfield><marc:subfield code="2">rdamedia</marc:subfield></marc:datafield><marc:datafield tag="338" ind1=" " ind2=" "><marc:subfield code="a">sheet</marc:subfield><marc:subfield code="b">nb</marc:subfield><marc:subfield code="2">rdacarrier</marc:subfield></marc:datafield><marc:datafield tag="545" ind1="0" ind2=" "><marc:subfield code="a">Sigurd Otto Maglegaard Olsen was born in Copenhagen, Denmark, in 1908. Economic pressures forced him to leave school at 15 and he began a career in the Department of Social Welfare in Copenhagen. Unable to pursue a formal university education, he worked in his spare hours in botany and biology, specializing in limnology. The University of Copenhagen recognized his contributions to the field in 1939, awarding him the gold medal in botany for his major study of charophytes published through the Royal Danish Academy of Sciences. He continued to be affiliated with the University of Copenhagen until he married Ingrith Deyrup and emigrated to the United States in 1963. For the next seven years, he worked as a biologist and research assistant professor in the School of Fisheries at the University of Washington. After his retirement in 1970, he devoted himself full time to biological studies and photography, developing techniques for capturing subjects too large for photomicrography, but too small for standard photography. Much of his scientific work was carried out at Bear Lake on the Kitsap Peninsula and focused on the ground cone Boschniakia hookeri. He died in 1980.</marc:subfield></marc:datafield><marc:datafield tag="545" ind1="0" ind2=" "><marc:subfield code="a">Ingrith Deyrup-Olsen was born in 1919 in Englewood, N.J. She earned a bachelor's degree in zoology from Barnard College (1940), a doctorate in physiology from Columbia (1944), and joined the UW faculty as a professor of zoology in 1964. Popularly known as the &quot;slug lady,&quot; Deyrup-Olsen studied mucus secrection, in particular how slugs use mucus in transportation. She created the UW's Master of Science for Biology Teachers program to improve the teaching of science in secondary schools. She was also a founder of the UW's Women Studies Program. In 1988, Ingrith received the UW's Distinguished Teaching Award. She retired in 1990 and died in 2004.</marc:subfield></marc:datafield><marc:datafield tag="520" ind1=" " ind2=" "><marc:subfield code="a">Biological research photographs, both field and laboratory, of University of Washington professors Sigurd and Ingrith Olsen. The photographs include landscapes (Washington, Wisconsin, Yellowstone, and Norway), waterscapes, macro images of flora and fauna specimens, as well as images of cameras, laboratories, and equipment. While many of the photographs are likely from research trips, there are also many personal snapshots, primarily of Ingrith Olsen. Field and research notes and personal papers are also included.</marc:subfield></marc:datafield><marc:datafield tag="506" ind1=" " ind2=" "><marc:subfield code="a">Open to all users.</marc:subfield></marc:datafield><marc:datafield tag="540" ind1=" " ind2=" "><marc:subfield code="a">Status of creator's copyrights is unknown; restrictions may exist on copying, quotation, or publication. Users are responsible for researching copyright status before use.</marc:subfield></marc:datafield><marc:datafield tag="541" ind1=" " ind2=" "><marc:subfield code="c">Donated by</marc:subfield><marc:subfield code="a">Candace Waugaman on</marc:subfield><marc:subfield code="d">2007-01-11 and 2007-01-18.</marc:subfield></marc:datafield><marc:datafield tag="600" ind1="1" ind2="0"><marc:subfield code="a">Olsen, Sigurd,</marc:subfield><marc:subfield code="v">Archives.</marc:subfield></marc:datafield><marc:datafield tag="600" ind1="1" ind2="0"><marc:subfield code="a">Deyrup-Olsen, Ingrith</marc:subfield><marc:subfield code="v">Archives.</marc:subfield></marc:datafield><marc:datafield tag="600" ind1="1" ind2="0"><marc:subfield code="a">Deyrup-Olsen, Ingrith</marc:subfield><marc:subfield code="v">Photographs.</marc:subfield></marc:datafield><marc:datafield tag="650" ind1=" " ind2="0"><marc:subfield code="a">Botany</marc:subfield><marc:subfield code="v">Sources.</marc:subfield></marc:datafield><marc:datafield tag="650" ind1=" " ind2="0"><marc:subfield code="a">Zoology</marc:subfield><marc:subfield code="v">Sources.</marc:subfield></marc:datafield><marc:datafield tag="650" ind1=" " ind2="0"><marc:subfield code="a">Plants</marc:subfield><marc:subfield code="v">Photographs.</marc:subfield></marc:datafield><marc:datafield tag="650" ind1=" " ind2="0"><marc:subfield code="a">Animals</marc:subfield><marc:subfield code="v">Photographs.</marc:subfield></marc:datafield><marc:datafield tag="650" ind1=" " ind2="0"><marc:subfield code="a">Landscapes</marc:subfield><marc:subfield code="v">Photographs.</marc:subfield></marc:datafield><marc:datafield tag="650" ind1=" " ind2="0"><marc:subfield code="a">Laboratories</marc:subfield><marc:subfield code="v">Photographs.</marc:subfield></marc:datafield><marc:datafield tag="650" ind1=" " ind2="0"><marc:subfield code="a">Laboratories</marc:subfield><marc:subfield code="x">Equipment and supplies</marc:subfield><marc:subfield code="v">Photographs.</marc:subfield></marc:datafield><marc:datafield tag="651" ind1=" " ind2="0"><marc:subfield code="a">Washington (State)</marc:subfield><marc:subfield code="v">Photographs.</marc:subfield></marc:datafield><marc:datafield tag="651" ind1=" " ind2="0"><marc:subfield code="a">Wisconsin</marc:subfield><marc:subfield code="v">Photographs.</marc:subfield></marc:datafield><marc:datafield tag="651" ind1=" " ind2="0"><marc:subfield code="a">Norway</marc:subfield><marc:subfield code="v">Photographs.</marc:subfield></marc:datafield><marc:datafield tag="651" ind1=" " ind2="0"><marc:subfield code="a">Yellowstone National Park</marc:subfield><marc:subfield code="v">Photographs.</marc:subfield></marc:datafield><marc:datafield tag="650" ind1=" " ind2="6"><marc:subfield code="a">Zoologie</marc:subfield><marc:subfield code="0">(CaQQLa)201-0000870</marc:subfield><marc:subfield code="v">Sources.</marc:subfield><marc:subfield code="0">(CaQQLa)201-0378222</marc:subfield></marc:datafield><marc:datafield tag="650" ind1=" " ind2="6"><marc:subfield code="a">Paysages</marc:subfield><marc:subfield code="0">(CaQQLa)201-0010292</marc:subfield><marc:subfield code="v">Photographies.</marc:subfield><marc:subfield code="0">(CaQQLa)201-0378097</marc:subfield></marc:datafield><marc:datafield tag="650" ind1=" " ind2="6"><marc:subfield code="a">Laboratoires</marc:subfield><marc:subfield code="0">(CaQQLa)201-0075879</marc:subfield><marc:subfield code="v">Photographies.</marc:subfield><marc:subfield code="0">(CaQQLa)201-0378097</marc:subfield></marc:datafield><marc:datafield tag="651" ind1=" " ind2="6"><marc:subfield code="a">Washington (État)</marc:subfield><marc:subfield code="0">(CaQQLa)201-0113960</marc:subfield><marc:subfield code="v">Photographies.</marc:subfield><marc:subfield code="0">(CaQQLa)201-0378097</marc:subfield></marc:datafield><marc:datafield tag="651" ind1=" " ind2="6"><marc:subfield code="a">Wisconsin</marc:subfield><marc:subfield code="0">(CaQQLa)201-0113962</marc:subfield><marc:subfield code="v">Photographies.</marc:subfield><marc:subfield code="0">(CaQQLa)201-0378097</marc:subfield></marc:datafield><marc:datafield tag="651" ind1=" " ind2="6"><marc:subfield code="a">Yellowstone National Park</marc:subfield><marc:subfield code="0">(CaQQLa)201-0145005</marc:subfield><marc:subfield code="v">Photographies.</marc:subfield><marc:subfield code="0">(CaQQLa)201-0378097</marc:subfield></marc:datafield><marc:datafield tag="650" ind1=" " ind2="7"><marc:subfield code="a">Animals.</marc:subfield><marc:subfield code="2">fast</marc:subfield><marc:subfield code="0">(OCoLC)fst00809468</marc:subfield></marc:datafield><marc:datafield tag="650" ind1=" " ind2="7"><marc:subfield code="a">Botany.</marc:subfield><marc:subfield code="2">fast</marc:subfield><marc:subfield code="0">(OCoLC)fst00836869</marc:subfield></marc:datafield><marc:datafield tag="650" ind1=" " ind2="7"><marc:subfield code="a">Laboratories.</marc:subfield><marc:subfield code="2">fast</marc:subfield><marc:subfield code="0">(OCoLC)fst00990341</marc:subfield></marc:datafield><marc:datafield tag="650" ind1=" " ind2="7"><marc:subfield code="a">Laboratories</marc:subfield><marc:subfield code="x">Equipment and supplies.</marc:subfield><marc:subfield code="2">fast</marc:subfield><marc:subfield code="0">(OCoLC)fst00990356</marc:subfield></marc:datafield><marc:datafield tag="650" ind1=" " ind2="7"><marc:subfield code="a">Landscapes.</marc:subfield><marc:subfield code="2">fast</marc:subfield><marc:subfield code="0">(OCoLC)fst01735625</marc:subfield></marc:datafield><marc:datafield tag="650" ind1=" " ind2="7"><marc:subfield code="a">Plants.</marc:subfield><marc:subfield code="2">fast</marc:subfield><marc:subfield code="0">(OCoLC)fst01065823</marc:subfield></marc:datafield><marc:datafield tag="650" ind1=" " ind2="7"><marc:subfield code="a">Zoology.</marc:subfield><marc:subfield code="2">fast</marc:subfield><marc:subfield code="0">(OCoLC)fst01184696</marc:subfield></marc:datafield><marc:datafield tag="651" ind1=" " ind2="7"><marc:subfield code="a">Norway.</marc:subfield><marc:subfield code="2">fast</marc:subfield><marc:subfield code="0">(OCoLC)fst01204556</marc:subfield><marc:subfield code="1">https://id.oclc.org/worldcat/entity/E39QbtfRyK4jjG7gmVvd83RM4Y</marc:subfield></marc:datafield><marc:datafield tag="651" ind1=" " ind2="7"><marc:subfield code="a">United States</marc:subfield><marc:subfield code="z">Yellowstone National Park.</marc:subfield><marc:subfield code="2">fast</marc:subfield><marc:subfield code="0">(OCoLC)fst01285604</marc:subfield></marc:datafield><marc:datafield tag="651" ind1=" " ind2="7"><marc:subfield code="a">Washington (State)</marc:subfield><marc:subfield code="2">fast</marc:subfield><marc:subfield code="0">(OCoLC)fst01204703</marc:subfield><marc:subfield code="1">https://id.oclc.org/worldcat/entity/E39PBJpymmTY6j9pxXGMd79FKd</marc:subfield></marc:datafield><marc:datafield tag="651" ind1=" " ind2="7"><marc:subfield code="a">Wisconsin.</marc:subfield><marc:subfield code="2">fast</marc:subfield><marc:subfield code="0">(OCoLC)fst01204595</marc:subfield><marc:subfield code="1">https://id.oclc.org/worldcat/entity/E39PBJdGQbCrRpwQfxG4936h73</marc:subfield></marc:datafield><marc:datafield tag="655" ind1=" " ind2="2"><marc:subfield code="a">Photograph</marc:subfield><marc:subfield code="0">(DNLM)D059036</marc:subfield></marc:datafield><marc:datafield tag="655" ind1=" " ind2="7"><marc:subfield code="a">photographs.</marc:subfield><marc:subfield code="2">aat</marc:subfield><marc:subfield code="0">(CStmoGRI)aatgf300046300</marc:subfield></marc:datafield><marc:datafield tag="655" ind1=" " ind2="7"><marc:subfield code="a">Archives.</marc:subfield><marc:subfield code="2">fast</marc:subfield><marc:subfield code="0">(OCoLC)fst01423700</marc:subfield></marc:datafield><marc:datafield tag="655" ind1=" " ind2="7"><marc:subfield code="a">Photographs.</marc:subfield><marc:subfield code="2">fast</marc:subfield><marc:subfield code="0">(OCoLC)fst01423689</marc:subfield></marc:datafield><marc:datafield tag="655" ind1=" " ind2="7"><marc:subfield code="a">Sources.</marc:subfield><marc:subfield code="2">fast</marc:subfield><marc:subfield code="0">(OCoLC)fst01423900</marc:subfield></marc:datafield><marc:datafield tag="655" ind1=" " ind2="7"><marc:subfield code="a">Photographs.</marc:subfield><marc:subfield code="2">lcgft</marc:subfield></marc:datafield><marc:datafield tag="655" ind1=" " ind2="7"><marc:subfield code="a">Photographies.</marc:subfield><marc:subfield code="2">rvmgf</marc:subfield><marc:subfield code="0">(CaQQLa)RVMGF-000001676</marc:subfield></marc:datafield><marc:datafield tag="700" ind1="1" ind2=" "><marc:subfield code="a">Deyrup-Olsen, Ingrith,</marc:subfield><marc:subfield code="e">creator.</marc:subfield></marc:datafield><marc:datafield tag="740" ind1="0" ind2=" "><marc:subfield code="a">accPH2016-010</marc:subfield></marc:datafield><marc:datafield tag="856" ind1="4" ind2="2"><marc:subfield code="u">http://archiveswest.orbiscascade.org/ark:/80444/xv90011</marc:subfield><marc:subfield code="z">Connect to the online finding aid for this collection</marc:subfield></marc:datafield></marc:record>