
<marc:record><marc:leader>06535ckcaa22010217i 4500</marc:leader>
<marc:controlfield tag="001">950036344</marc:controlfield>
<marc:controlfield tag="005">20241107154210.9</marc:controlfield><marc:controlfield tag="008">160520i19531992xx nnn            kneng d</marc:controlfield><marc:datafield tag="040" ind1=" " ind2=" "><marc:subfield code="a">WAU</marc:subfield><marc:subfield code="b">eng</marc:subfield><marc:subfield code="e">rda</marc:subfield><marc:subfield code="e">dacs</marc:subfield><marc:subfield code="c">WAU</marc:subfield><marc:subfield code="d">WAU</marc:subfield><marc:subfield code="d">OCLCA</marc:subfield><marc:subfield code="d">OCLCF</marc:subfield><marc:subfield code="d">OCLCA</marc:subfield><marc:subfield code="d">OCL</marc:subfield><marc:subfield code="d">OCLCO</marc:subfield><marc:subfield code="d">OCLCL</marc:subfield><marc:subfield code="d">OCLCQ</marc:subfield></marc:datafield><marc:datafield tag="046" ind1=" " ind2=" "><marc:subfield code="k">1953</marc:subfield><marc:subfield code="l">1992</marc:subfield></marc:datafield><marc:datafield tag="049" ind1=" " ind2=" "><marc:subfield code="a">WAUW</marc:subfield></marc:datafield><marc:datafield tag="100" ind1="1" ind2=" "><marc:subfield code="a">Rodenhouse, Irma Z.,</marc:subfield><marc:subfield code="e">creator</marc:subfield><marc:subfield code="e">photographer.</marc:subfield></marc:datafield><marc:datafield tag="245" ind1="1" ind2="0"><marc:subfield code="a">Irma Z. Rodenhouse travel slides.</marc:subfield></marc:datafield><marc:datafield tag="264" ind1=" " ind2="0"><marc:subfield code="c">approximately 1953-1992</marc:subfield></marc:datafield><marc:datafield tag="300" ind1=" " ind2=" "><marc:subfield code="a">35.31</marc:subfield><marc:subfield code="f">cubic feet</marc:subfield><marc:subfield code="a">(34 boxes)</marc:subfield></marc:datafield><marc:datafield tag="336" ind1=" " ind2=" "><marc:subfield code="a">still image</marc:subfield><marc:subfield code="b">sti</marc:subfield><marc:subfield code="2">rdacontent</marc:subfield></marc:datafield><marc:datafield tag="336" ind1=" " ind2=" "><marc:subfield code="a">text</marc:subfield><marc:subfield code="b">txt</marc:subfield><marc:subfield code="2">rdacontent</marc:subfield></marc:datafield><marc:datafield tag="337" ind1=" " ind2=" "><marc:subfield code="a">projected</marc:subfield><marc:subfield code="b">g</marc:subfield><marc:subfield code="2">rdamedia</marc:subfield></marc:datafield><marc:datafield tag="338" ind1=" " ind2=" "><marc:subfield code="a">slide</marc:subfield><marc:subfield code="b">gs</marc:subfield><marc:subfield code="2">rdacarrier</marc:subfield></marc:datafield><marc:datafield tag="338" ind1=" " ind2=" "><marc:subfield code="a">sheet</marc:subfield><marc:subfield code="b">nb</marc:subfield><marc:subfield code="2">rdacarrier</marc:subfield></marc:datafield><marc:datafield tag="386" ind1=" " ind2=" "><marc:subfield code="n">age</marc:subfield><marc:subfield code="a">Women</marc:subfield><marc:subfield code="2">lcdgt</marc:subfield></marc:datafield><marc:datafield tag="386" ind1=" " ind2=" "><marc:subfield code="a">Women</marc:subfield><marc:subfield code="2">lcdgt</marc:subfield></marc:datafield><marc:datafield tag="386" ind1=" " ind2=" "><marc:subfield code="n">occ</marc:subfield><marc:subfield code="a">School teachers</marc:subfield><marc:subfield code="2">lcdgt</marc:subfield></marc:datafield><marc:datafield tag="386" ind1=" " ind2=" "><marc:subfield code="n">nat</marc:subfield><marc:subfield code="a">Washingtonians (Washington State)</marc:subfield><marc:subfield code="2">lcdgt</marc:subfield></marc:datafield><marc:datafield tag="545" ind1="0" ind2=" "><marc:subfield code="a">Irma Z. Rodenhouse (1907-1996) was born in Seattle, WAshington, the second child of a former agriculture professor turned mechaized farming visionary and a Minneapolis debutante daughter of a wheat baron.  She graduated from Roosevelt High School and from the University of Washington.  During WWII she joined the Netherlands Society, part of the United Nations Relief Organization where she helped run multicultural pageants as fund-raisers, and also collected food, blankets, and clothing for refugees who were in Nazi-occupied Netherlands.  Her work was acknowledged and she was personally thanked by Queen Wilhelmina and the Netherlands Consulate. She taught at Ballard High School, retiring in 1973.  She also participated in the Mountaineers Players.  She loved learning and was still taking classes until shortly before her death.  She also loved travel and learning about Northwest Indian art and culture, visiting art colonies on Vancouver Island at K'san and Skidegate and using her knowledge at age 85 to create information booth displays at the Mountaineers' Kitsap Rhododendron Preserve.</marc:subfield></marc:datafield><marc:datafield tag="520" ind1=" " ind2=" "><marc:subfield code="a">Slides made from Irma Z. Rodenhouse's trips around the world. Destinations include Europe, the Middle East, Asia, Africa, Canada, the United States, Central and South America, Australia, New Zealand, the South Pacific, the North Atlantic, and Antarctica.</marc:subfield></marc:datafield><marc:datafield tag="506" ind1=" " ind2=" "><marc:subfield code="a">Open to all users.</marc:subfield></marc:datafield><marc:datafield tag="540" ind1=" " ind2=" "><marc:subfield code="a">Status of creator's copyrights is unknown; restrictions may exist on copying, quotation, or publication. Users are responsible for researching copyright status before use.</marc:subfield></marc:datafield><marc:datafield tag="600" ind1="1" ind2="0"><marc:subfield code="a">Rodenhouse, Irma Z.</marc:subfield><marc:subfield code="v">Archives.</marc:subfield></marc:datafield><marc:datafield tag="650" ind1=" " ind2="0"><marc:subfield code="a">Landscapes</marc:subfield><marc:subfield code="v">Slides.</marc:subfield></marc:datafield><marc:datafield tag="651" ind1=" " ind2="0"><marc:subfield code="a">Europe</marc:subfield><marc:subfield code="v">Slides.</marc:subfield></marc:datafield><marc:datafield tag="651" ind1=" " ind2="0"><marc:subfield code="a">Great Britain</marc:subfield><marc:subfield code="v">Slides.</marc:subfield></marc:datafield><marc:datafield tag="651" ind1=" " ind2="0"><marc:subfield code="a">Middle East</marc:subfield><marc:subfield code="v">Slides.</marc:subfield></marc:datafield><marc:datafield tag="651" ind1=" " ind2="0"><marc:subfield code="a">Russia</marc:subfield><marc:subfield code="v">Slides.</marc:subfield></marc:datafield><marc:datafield tag="651" ind1=" " ind2="0"><marc:subfield code="a">Asia</marc:subfield><marc:subfield code="v">Slides.</marc:subfield></marc:datafield><marc:datafield tag="651" ind1=" " ind2="0"><marc:subfield code="a">Tibet Autonomous Region (China)</marc:subfield><marc:subfield code="v">Slides.</marc:subfield></marc:datafield><marc:datafield tag="651" ind1=" " ind2="0"><marc:subfield code="a">India</marc:subfield><marc:subfield code="v">Slides.</marc:subfield></marc:datafield><marc:datafield tag="651" ind1=" " ind2="0"><marc:subfield code="a">South Africa</marc:subfield><marc:subfield code="v">Slides.</marc:subfield></marc:datafield><marc:datafield tag="651" ind1=" " ind2="0"><marc:subfield code="a">Africa</marc:subfield><marc:subfield code="v">Slides.</marc:subfield></marc:datafield><marc:datafield tag="650" ind1=" " ind2="0"><marc:subfield code="a">Safaris</marc:subfield><marc:subfield code="v">Slides.</marc:subfield></marc:datafield><marc:datafield tag="651" ind1=" " ind2="0"><marc:subfield code="a">Canada</marc:subfield><marc:subfield code="v">Slides.</marc:subfield></marc:datafield><marc:datafield tag="651" ind1=" " ind2="0"><marc:subfield code="a">United States</marc:subfield><marc:subfield code="v">Slides.</marc:subfield></marc:datafield><marc:datafield tag="651" ind1=" " ind2="0"><marc:subfield code="a">Mexico</marc:subfield><marc:subfield code="v">Slides.</marc:subfield></marc:datafield><marc:datafield tag="651" ind1=" " ind2="0"><marc:subfield code="a">Australia</marc:subfield><marc:subfield code="v">Slides.</marc:subfield></marc:datafield><marc:datafield tag="651" ind1=" " ind2="0"><marc:subfield code="a">New Zealand</marc:subfield><marc:subfield code="v">Slides.</marc:subfield></marc:datafield><marc:datafield tag="651" ind1=" " ind2="0"><marc:subfield code="a">Antarctica</marc:subfield><marc:subfield code="v">Slides.</marc:subfield></marc:datafield><marc:datafield tag="651" ind1=" " ind2="0"><marc:subfield code="a">Greenland</marc:subfield><marc:subfield code="v">Slides.</marc:subfield></marc:datafield><marc:datafield tag="650" ind1=" " ind2="0"><marc:subfield code="a">Animals</marc:subfield><marc:subfield code="v">Slides.</marc:subfield></marc:datafield><marc:datafield tag="651" ind1=" " ind2="0"><marc:subfield code="a">Northwest, Pacific</marc:subfield><marc:subfield code="v">Slides.</marc:subfield></marc:datafield><marc:datafield tag="651" ind1=" " ind2="0"><marc:subfield code="a">Latin America</marc:subfield><marc:subfield code="v">Slides.</marc:subfield></marc:datafield><marc:datafield tag="650" ind1=" " ind2="0"><marc:subfield code="a">Slides (Photography)</marc:subfield><marc:subfield code="v">Specimens.</marc:subfield></marc:datafield><marc:datafield tag="650" ind1=" " ind2="6"><marc:subfield code="a">Paysages</marc:subfield><marc:subfield code="0">(CaQQLa)201-0010292</marc:subfield><marc:subfield code="v">Diapositives.</marc:subfield><marc:subfield code="0">(CaQQLa)201-0378074</marc:subfield></marc:datafield><marc:datafield tag="651" ind1=" " ind2="6"><marc:subfield code="a">Europe</marc:subfield><marc:subfield code="0">(CaQQLa)201-0117265</marc:subfield><marc:subfield code="v">Diapositives.</marc:subfield><marc:subfield code="0">(CaQQLa)201-0378074</marc:subfield></marc:datafield><marc:datafield tag="651" ind1=" " ind2="6"><marc:subfield code="a">Asie</marc:subfield><marc:subfield code="0">(CaQQLa)201-0101224</marc:subfield><marc:subfield code="v">Diapositives.</marc:subfield><marc:subfield code="0">(CaQQLa)201-0378074</marc:subfield></marc:datafield><marc:datafield tag="651" ind1=" " ind2="6"><marc:subfield code="a">Région autonome du Tibet (Chine)</marc:subfield><marc:subfield code="0">(CaQQLa)201-0110133</marc:subfield><marc:subfield code="v">Diapositives.</marc:subfield><marc:subfield code="0">(CaQQLa)201-0378074</marc:subfield></marc:datafield><marc:datafield tag="651" ind1=" " ind2="6"><marc:subfield code="a">Afrique</marc:subfield><marc:subfield code="0">(CaQQLa)201-0098126</marc:subfield><marc:subfield code="v">Diapositives.</marc:subfield><marc:subfield code="0">(CaQQLa)201-0378074</marc:subfield></marc:datafield><marc:datafield tag="650" ind1=" " ind2="6"><marc:subfield code="a">Safaris</marc:subfield><marc:subfield code="0">(CaQQLa)201-0106288</marc:subfield><marc:subfield code="v">Diapositives.</marc:subfield><marc:subfield code="0">(CaQQLa)201-0378074</marc:subfield></marc:datafield><marc:datafield tag="651" ind1=" " ind2="6"><marc:subfield code="a">Australie</marc:subfield><marc:subfield code="0">(CaQQLa)201-0101808</marc:subfield><marc:subfield code="v">Diapositives.</marc:subfield><marc:subfield code="0">(CaQQLa)201-0378074</marc:subfield></marc:datafield><marc:datafield tag="651" ind1=" " ind2="6"><marc:subfield code="a">Antarctique</marc:subfield><marc:subfield code="0">(CaQQLa)201-0029297</marc:subfield><marc:subfield code="v">Diapositives.</marc:subfield><marc:subfield code="0">(CaQQLa)201-0378074</marc:subfield></marc:datafield><marc:datafield tag="651" ind1=" " ind2="6"><marc:subfield code="a">Amérique latine</marc:subfield><marc:subfield code="0">(CaQQLa)201-0101030</marc:subfield><marc:subfield code="v">Diapositives.</marc:subfield><marc:subfield code="0">(CaQQLa)201-0378074</marc:subfield></marc:datafield><marc:datafield tag="650" ind1=" " ind2="6"><marc:subfield code="a">Diapositives</marc:subfield><marc:subfield code="0">(CaQQLa)201-0025666</marc:subfield><marc:subfield code="v">Spécimens.</marc:subfield><marc:subfield code="0">(CaQQLa)201-0377059</marc:subfield></marc:datafield><marc:datafield tag="650" ind1=" " ind2="7"><marc:subfield code="a">Animals.</marc:subfield><marc:subfield code="2">fast</marc:subfield><marc:subfield code="0">(OCoLC)fst00809468</marc:subfield></marc:datafield><marc:datafield tag="650" ind1=" " ind2="7"><marc:subfield code="a">Landscapes.</marc:subfield><marc:subfield code="2">fast</marc:subfield><marc:subfield code="0">(OCoLC)fst01735625</marc:subfield></marc:datafield><marc:datafield tag="650" ind1=" " ind2="7"><marc:subfield code="a">Safaris.</marc:subfield><marc:subfield code="2">fast</marc:subfield><marc:subfield code="0">(OCoLC)fst01103324</marc:subfield></marc:datafield><marc:datafield tag="650" ind1=" " ind2="7"><marc:subfield code="a">Slides (Photography)</marc:subfield><marc:subfield code="2">fast</marc:subfield><marc:subfield code="0">(OCoLC)fst01120898</marc:subfield></marc:datafield><marc:datafield tag="651" ind1=" " ind2="7"><marc:subfield code="a">Africa.</marc:subfield><marc:subfield code="2">fast</marc:subfield><marc:subfield code="0">(OCoLC)fst01239509</marc:subfield><marc:subfield code="1">https://id.oclc.org/worldcat/entity/E39PBJkHrMyfHC67yqRTycbrv3</marc:subfield></marc:datafield><marc:datafield tag="651" ind1=" " ind2="7"><marc:subfield code="a">Antarctica.</marc:subfield><marc:subfield code="2">fast</marc:subfield><marc:subfield code="0">(OCoLC)fst01239992</marc:subfield><marc:subfield code="1">https://id.oclc.org/worldcat/entity/E39PBJc3MgKfJkXRcGFdpVMHG3</marc:subfield></marc:datafield><marc:datafield tag="651" ind1=" " ind2="7"><marc:subfield code="a">Asia.</marc:subfield><marc:subfield code="2">fast</marc:subfield><marc:subfield code="0">(OCoLC)fst01240495</marc:subfield><marc:subfield code="1">https://id.oclc.org/worldcat/entity/E39PBJxMpyjKQ9Jtm3jkjPBgKd</marc:subfield></marc:datafield><marc:datafield tag="651" ind1=" " ind2="7"><marc:subfield code="a">Australia.</marc:subfield><marc:subfield code="2">fast</marc:subfield><marc:subfield code="0">(OCoLC)fst01204543</marc:subfield><marc:subfield code="1">https://id.oclc.org/worldcat/entity/E39QbtfRv8PPH7gCqhkJ8DK8bM</marc:subfield></marc:datafield><marc:datafield tag="651" ind1=" " ind2="7"><marc:subfield code="a">Canada.</marc:subfield><marc:subfield code="2">fast</marc:subfield><marc:subfield code="0">(OCoLC)fst01204310</marc:subfield><marc:subfield code="1">https://id.oclc.org/worldcat/entity/E39PBJkMHVW4rfVXPrhVP4VwG3</marc:subfield></marc:datafield><marc:datafield tag="651" ind1=" " ind2="7"><marc:subfield code="a">China</marc:subfield><marc:subfield code="z">Tibet Autonomous Region.</marc:subfield><marc:subfield code="2">fast</marc:subfield><marc:subfield code="0">(OCoLC)fst01758817</marc:subfield></marc:datafield><marc:datafield tag="651" ind1=" " ind2="7"><marc:subfield code="a">Europe.</marc:subfield><marc:subfield code="2">fast</marc:subfield><marc:subfield code="0">(OCoLC)fst01245064</marc:subfield><marc:subfield code="1">https://id.oclc.org/worldcat/entity/E39PBJxCxPbbk4CPJDQJb4r6rq</marc:subfield></marc:datafield><marc:datafield tag="651" ind1=" " ind2="7"><marc:subfield code="a">Great Britain.</marc:subfield><marc:subfield code="2">fast</marc:subfield><marc:subfield code="0">(OCoLC)fst01204623</marc:subfield><marc:subfield code="1">https://id.oclc.org/worldcat/entity/E39PBJdmp7p3cx8hpmJ8HvmTpP</marc:subfield></marc:datafield><marc:datafield tag="651" ind1=" " ind2="7"><marc:subfield code="a">Greenland.</marc:subfield><marc:subfield code="2">fast</marc:subfield><marc:subfield code="0">(OCoLC)fst01205290</marc:subfield><marc:subfield code="1">https://id.oclc.org/worldcat/entity/E39PBJqvYRpxcqYcthtVYGtYfq</marc:subfield></marc:datafield><marc:datafield tag="651" ind1=" " ind2="7"><marc:subfield code="a">India.</marc:subfield><marc:subfield code="2">fast</marc:subfield><marc:subfield code="0">(OCoLC)fst01210276</marc:subfield><marc:subfield code="1">https://id.oclc.org/worldcat/entity/E39PBJmdx47cDXrRhBXHtbvPwC</marc:subfield></marc:datafield><marc:datafield tag="651" ind1=" " ind2="7"><marc:subfield code="a">Latin America.</marc:subfield><marc:subfield code="2">fast</marc:subfield><marc:subfield code="0">(OCoLC)fst01245945</marc:subfield></marc:datafield><marc:datafield tag="651" ind1=" " ind2="7"><marc:subfield code="a">Mexico.</marc:subfield><marc:subfield code="2">fast</marc:subfield><marc:subfield code="0">(OCoLC)fst01211700</marc:subfield><marc:subfield code="1">https://id.oclc.org/worldcat/entity/E39QbtfRkxCrqQ3XXbCkdP63kc</marc:subfield></marc:datafield><marc:datafield tag="651" ind1=" " ind2="7"><marc:subfield code="a">Middle East.</marc:subfield><marc:subfield code="2">fast</marc:subfield><marc:subfield code="0">(OCoLC)fst01241586</marc:subfield></marc:datafield><marc:datafield tag="651" ind1=" " ind2="7"><marc:subfield code="a">New Zealand.</marc:subfield><marc:subfield code="2">fast</marc:subfield><marc:subfield code="0">(OCoLC)fst01204542</marc:subfield><marc:subfield code="1">https://id.oclc.org/worldcat/entity/E39QbtfRmXBg7mpKX7p4DJ8Kqp</marc:subfield></marc:datafield><marc:datafield tag="651" ind1=" " ind2="7"><marc:subfield code="a">Pacific Northwest.</marc:subfield><marc:subfield code="2">fast</marc:subfield><marc:subfield code="0">(OCoLC)fst01242543</marc:subfield></marc:datafield><marc:datafield tag="651" ind1=" " ind2="7"><marc:subfield code="a">Russia.</marc:subfield><marc:subfield code="2">fast</marc:subfield><marc:subfield code="0">(OCoLC)fst01207312</marc:subfield></marc:datafield><marc:datafield tag="651" ind1=" " ind2="7"><marc:subfield code="a">South Africa.</marc:subfield><marc:subfield code="2">fast</marc:subfield><marc:subfield code="0">(OCoLC)fst01204616</marc:subfield><marc:subfield code="1">https://id.oclc.org/worldcat/entity/E39PBJcWtkkqd3cMmFw9GBdYT3</marc:subfield></marc:datafield><marc:datafield tag="651" ind1=" " ind2="7"><marc:subfield code="a">United States.</marc:subfield><marc:subfield code="2">fast</marc:subfield><marc:subfield code="0">(OCoLC)fst01204155</marc:subfield><marc:subfield code="1">https://id.oclc.org/worldcat/entity/E39PBJtxgQXMWqmjMjjwXRHgrq</marc:subfield></marc:datafield><marc:datafield tag="655" ind1=" " ind2="7"><marc:subfield code="a">slides (photographs)</marc:subfield><marc:subfield code="2">aat</marc:subfield><marc:subfield code="0">(CStmoGRI)aatgf300128371</marc:subfield></marc:datafield><marc:datafield tag="655" ind1=" " ind2="7"><marc:subfield code="a">Archives.</marc:subfield><marc:subfield code="2">fast</marc:subfield><marc:subfield code="0">(OCoLC)fst01423700</marc:subfield></marc:datafield><marc:datafield tag="655" ind1=" " ind2="7"><marc:subfield code="a">Slides.</marc:subfield><marc:subfield code="2">fast</marc:subfield><marc:subfield code="0">(OCoLC)fst01423858</marc:subfield></marc:datafield><marc:datafield tag="655" ind1=" " ind2="7"><marc:subfield code="a">Specimens.</marc:subfield><marc:subfield code="2">fast</marc:subfield><marc:subfield code="0">(OCoLC)fst01423861</marc:subfield></marc:datafield><marc:datafield tag="856" ind1="4" ind2="2"><marc:subfield code="u">http://archiveswest.orbiscascade.org/ark:/80444/xv59722</marc:subfield><marc:subfield code="z">Connect to the online finding aid for this collection</marc:subfield></marc:datafield></marc:record>