
<marc:record><marc:leader>02855ccm a2200625 a 4500</marc:leader>
<marc:controlfield tag="001">1251423</marc:controlfield>
<marc:controlfield tag="005">20241124124153.0</marc:controlfield><marc:controlfield tag="008">750403s1941    enksuz         n    zxx  </marc:controlfield><marc:datafield tag="010" ind1=" " ind2=" "><marc:subfield code="a">   45025438 </marc:subfield></marc:datafield><marc:datafield tag="040" ind1=" " ind2=" "><marc:subfield code="a">DLC</marc:subfield><marc:subfield code="b">eng</marc:subfield><marc:subfield code="c">IXA</marc:subfield><marc:subfield code="d">WYU</marc:subfield><marc:subfield code="d">OCLCQ</marc:subfield><marc:subfield code="d">NZ1</marc:subfield><marc:subfield code="d">OCLCG</marc:subfield><marc:subfield code="d">HMU</marc:subfield><marc:subfield code="d">OCLCQ</marc:subfield><marc:subfield code="d">OCLCF</marc:subfield><marc:subfield code="d">NOC</marc:subfield><marc:subfield code="d">OCLCQ</marc:subfield><marc:subfield code="d">OCL</marc:subfield><marc:subfield code="d">OCLCQ</marc:subfield><marc:subfield code="d">UKMGB</marc:subfield><marc:subfield code="d">OCLCO</marc:subfield><marc:subfield code="d">OCLCQ</marc:subfield><marc:subfield code="d">OCLCO</marc:subfield><marc:subfield code="d">OCLCL</marc:subfield><marc:subfield code="d">OCLCQ</marc:subfield><marc:subfield code="d">ERE</marc:subfield><marc:subfield code="d">OCLCO</marc:subfield><marc:subfield code="d">LS1</marc:subfield></marc:datafield><marc:datafield tag="016" ind1="7" ind2=" "><marc:subfield code="a">004600073</marc:subfield><marc:subfield code="2">Uk</marc:subfield></marc:datafield><marc:datafield tag="016" ind1="7" ind2=" "><marc:subfield code="a">014949318</marc:subfield><marc:subfield code="2">Uk</marc:subfield></marc:datafield><marc:datafield tag="019" ind1=" " ind2=" "><marc:subfield code="a">82445375</marc:subfield><marc:subfield code="a">988663649</marc:subfield><marc:subfield code="a">1043969469</marc:subfield><marc:subfield code="a">1061772873</marc:subfield></marc:datafield><marc:datafield tag="020" ind1=" " ind2=" "><marc:subfield code="a">0193735687</marc:subfield></marc:datafield><marc:datafield tag="020" ind1=" " ind2=" "><marc:subfield code="a">9780193735682</marc:subfield></marc:datafield><marc:datafield tag="045" ind1="0" ind2=" "><marc:subfield code="b">d1940</marc:subfield></marc:datafield><marc:datafield tag="048" ind1=" " ind2=" "><marc:subfield code="a">ka02</marc:subfield></marc:datafield><marc:datafield tag="050" ind1="0" ind2="0"><marc:subfield code="a">M203.R25</marc:subfield><marc:subfield code="b">C7</marc:subfield></marc:datafield><marc:datafield tag="082" ind1="0" ind2="4"><marc:subfield code="a">781.6 (McColvin)</marc:subfield></marc:datafield><marc:datafield tag="083" ind1="0" ind2="9"><marc:subfield code="a">784.185</marc:subfield></marc:datafield><marc:datafield tag="049" ind1=" " ind2=" "><marc:subfield code="a">WAUW</marc:subfield></marc:datafield><marc:datafield tag="100" ind1="1" ind2=" "><marc:subfield code="a">Rawsthorne, Alan,</marc:subfield><marc:subfield code="d">1905-1971.</marc:subfield><marc:subfield code="1">https://id.oclc.org/worldcat/entity/E39PBJfMpq4MG7d7KF8GybkFKd</marc:subfield></marc:datafield><marc:datafield tag="245" ind1="1" ind2="4"><marc:subfield code="a">The creel :</marc:subfield><marc:subfield code="b">suite for piano duet after Izaak Walton /</marc:subfield><marc:subfield code="c">by Alan Rawsthorne.</marc:subfield></marc:datafield><marc:datafield tag="260" ind1=" " ind2=" "><marc:subfield code="a">London :</marc:subfield><marc:subfield code="b">Oxford University Press,</marc:subfield><marc:subfield code="c">©1941.</marc:subfield></marc:datafield><marc:datafield tag="300" ind1=" " ind2=" "><marc:subfield code="a">1 score (9 pages) ;</marc:subfield><marc:subfield code="c">31 cm</marc:subfield></marc:datafield><marc:datafield tag="336" ind1=" " ind2=" "><marc:subfield code="a">notated music</marc:subfield><marc:subfield code="b">ntm</marc:subfield><marc:subfield code="2">rdacontent</marc:subfield></marc:datafield><marc:datafield tag="337" ind1=" " ind2=" "><marc:subfield code="a">unmediated</marc:subfield><marc:subfield code="b">n</marc:subfield><marc:subfield code="2">rdamedia</marc:subfield></marc:datafield><marc:datafield tag="338" ind1=" " ind2=" "><marc:subfield code="a">volume</marc:subfield><marc:subfield code="b">nc</marc:subfield><marc:subfield code="2">rdacarrier</marc:subfield></marc:datafield><marc:datafield tag="348" ind1=" " ind2=" "><marc:subfield code="a">score</marc:subfield><marc:subfield code="2">rdafnm</marc:subfield></marc:datafield><marc:datafield tag="382" ind1="0" ind2="1"><marc:subfield code="a">piano</marc:subfield><marc:subfield code="n">2</marc:subfield><marc:subfield code="s">2</marc:subfield><marc:subfield code="v">piano, 4 hands</marc:subfield><marc:subfield code="2">lcmpt</marc:subfield></marc:datafield><marc:datafield tag="500" ind1=" " ind2=" "><marc:subfield code="a">For piano, 4 hands.</marc:subfield></marc:datafield><marc:datafield tag="505" ind1="0" ind2=" "><marc:subfield code="a">The mighty pike is the tyrant of the fresh water -- The sprat : a fish that is ever in motion -- The carp is the queen of rivers : a stately, a good, and a very subtil fish -- The leap or summersault of the salmon.</marc:subfield></marc:datafield><marc:datafield tag="650" ind1=" " ind2="0"><marc:subfield code="a">Suites (Piano, 4 hands)</marc:subfield><marc:subfield code="v">Scores.</marc:subfield></marc:datafield><marc:datafield tag="650" ind1=" " ind2="0"><marc:subfield code="a">Piano music (4 hands)</marc:subfield><marc:subfield code="v">Scores.</marc:subfield></marc:datafield><marc:datafield tag="650" ind1=" " ind2="0"><marc:subfield code="a">Fishes</marc:subfield><marc:subfield code="v">Songs and music</marc:subfield><marc:subfield code="v">Scores.</marc:subfield></marc:datafield><marc:datafield tag="650" ind1=" " ind2="0"><marc:subfield code="a">Suites (Piano, 4 hands)</marc:subfield></marc:datafield><marc:datafield tag="650" ind1=" " ind2="0"><marc:subfield code="a">Fishes</marc:subfield><marc:subfield code="v">Songs and music.</marc:subfield></marc:datafield><marc:datafield tag="650" ind1=" " ind2="6"><marc:subfield code="a">Suites (Piano, 4 mains)</marc:subfield><marc:subfield code="0">(CaQQLa)201-0054077</marc:subfield></marc:datafield><marc:datafield tag="650" ind1=" " ind2="6"><marc:subfield code="a">Poissons</marc:subfield><marc:subfield code="0">(CaQQLa)201-0024322</marc:subfield><marc:subfield code="v">Chants et musique.</marc:subfield><marc:subfield code="0">(CaQQLa)201-0378541</marc:subfield></marc:datafield><marc:datafield tag="650" ind1=" " ind2="6"><marc:subfield code="a">Suites (Piano, 4 mains)</marc:subfield><marc:subfield code="0">(CaQQLa)201-0054077</marc:subfield><marc:subfield code="v">Partitions.</marc:subfield><marc:subfield code="0">(CaQQLa)201-0378141</marc:subfield></marc:datafield><marc:datafield tag="650" ind1=" " ind2="6"><marc:subfield code="a">Piano, Musique de (4 mains)</marc:subfield><marc:subfield code="0">(CaQQLa)201-0018549</marc:subfield><marc:subfield code="v">Partitions.</marc:subfield><marc:subfield code="0">(CaQQLa)201-0378141</marc:subfield></marc:datafield><marc:datafield tag="650" ind1=" " ind2="6"><marc:subfield code="a">Poissons</marc:subfield><marc:subfield code="0">(CaQQLa)201-0024322</marc:subfield><marc:subfield code="v">Chants et musique</marc:subfield><marc:subfield code="0">(CaQQLa)201-0378541</marc:subfield><marc:subfield code="v">Partitions.</marc:subfield><marc:subfield code="0">(CaQQLa)201-0378141</marc:subfield></marc:datafield><marc:datafield tag="650" ind1=" " ind2="7"><marc:subfield code="a">Fishes</marc:subfield><marc:subfield code="2">fast</marc:subfield><marc:subfield code="0">(OCoLC)fst00926361</marc:subfield></marc:datafield><marc:datafield tag="650" ind1=" " ind2="7"><marc:subfield code="a">Suites (Piano, 4 hands)</marc:subfield><marc:subfield code="2">fast</marc:subfield><marc:subfield code="0">(OCoLC)fst01137967</marc:subfield></marc:datafield><marc:datafield tag="655" ind1=" " ind2="7"><marc:subfield code="a">Songs and music</marc:subfield><marc:subfield code="2">fast</marc:subfield><marc:subfield code="0">(OCoLC)fst01985328</marc:subfield></marc:datafield><marc:datafield tag="700" ind1="1" ind2=" "><marc:subfield code="a">Walton, Izaak,</marc:subfield><marc:subfield code="d">1593-1683.</marc:subfield><marc:subfield code="t">Compleat angler.</marc:subfield></marc:datafield><marc:datafield tag="758" ind1=" " ind2=" "><marc:subfield code="i">has work:</marc:subfield><marc:subfield code="a">The creel (NotatedMusic)</marc:subfield><marc:subfield code="1">https://id.oclc.org/worldcat/entity/E39PCH7vQhKHqxqFmH7cM6BqXq</marc:subfield><marc:subfield code="4">https://id.oclc.org/worldcat/ontology/hasWork</marc:subfield></marc:datafield><marc:datafield tag="776" ind1="0" ind2="8"><marc:subfield code="i">Online version:</marc:subfield><marc:subfield code="a">Rawsthorne, Alan, 1905-1971.</marc:subfield><marc:subfield code="t">Creel.</marc:subfield><marc:subfield code="d">London : Oxford University Press, ©1941</marc:subfield><marc:subfield code="w">(OCoLC)649465772</marc:subfield></marc:datafield><marc:datafield tag="029" ind1="1" ind2=" "><marc:subfield code="a">AU@</marc:subfield><marc:subfield code="b">000028555773</marc:subfield></marc:datafield><marc:datafield tag="029" ind1="1" ind2=" "><marc:subfield code="a">AU@</marc:subfield><marc:subfield code="b">000047996199</marc:subfield></marc:datafield><marc:datafield tag="029" ind1="1" ind2=" "><marc:subfield code="a">NZ1</marc:subfield><marc:subfield code="b">12742694</marc:subfield></marc:datafield><marc:datafield tag="029" ind1="1" ind2=" "><marc:subfield code="a">NZ1</marc:subfield><marc:subfield code="b">6660417</marc:subfield></marc:datafield><marc:datafield tag="029" ind1="1" ind2=" "><marc:subfield code="a">NZ1</marc:subfield><marc:subfield code="b">690062</marc:subfield></marc:datafield><marc:datafield tag="029" ind1="1" ind2=" "><marc:subfield code="a">UKMGB</marc:subfield><marc:subfield code="b">004600073</marc:subfield></marc:datafield><marc:datafield tag="029" ind1="1" ind2=" "><marc:subfield code="a">UKMGB</marc:subfield><marc:subfield code="b">014949318</marc:subfield></marc:datafield></marc:record>