
<marc:record><marc:leader>02343ccm a2200589 i 4500</marc:leader>
<marc:controlfield tag="001">694933021</marc:controlfield>
<marc:controlfield tag="005">20240813003236.6</marc:controlfield><marc:controlfield tag="008">110104t20102010mnuuuce  ehi   n  b zxx d</marc:controlfield><marc:controlfield tag="007">qu</marc:controlfield><marc:datafield tag="040" ind1=" " ind2=" "><marc:subfield code="a">OKU</marc:subfield><marc:subfield code="b">eng</marc:subfield><marc:subfield code="e">rda</marc:subfield><marc:subfield code="c">OKU</marc:subfield><marc:subfield code="d">SHH</marc:subfield><marc:subfield code="d">OBE</marc:subfield><marc:subfield code="d">UMC</marc:subfield><marc:subfield code="d">TDF</marc:subfield><marc:subfield code="d">OCLCQ</marc:subfield><marc:subfield code="d">OCLCF</marc:subfield><marc:subfield code="d">OCLCA</marc:subfield><marc:subfield code="d">OCL</marc:subfield><marc:subfield code="d">ORU</marc:subfield><marc:subfield code="d">TJC</marc:subfield><marc:subfield code="d">OCLCO</marc:subfield><marc:subfield code="d">NTE</marc:subfield><marc:subfield code="d">OCLCQ</marc:subfield><marc:subfield code="d">OCLCL</marc:subfield><marc:subfield code="d">OCLCQ</marc:subfield></marc:datafield><marc:datafield tag="019" ind1=" " ind2=" "><marc:subfield code="a">730034334</marc:subfield></marc:datafield><marc:datafield tag="041" ind1="0" ind2=" "><marc:subfield code="g">eng</marc:subfield></marc:datafield><marc:datafield tag="048" ind1=" " ind2=" "><marc:subfield code="a">be01</marc:subfield><marc:subfield code="a">ka01</marc:subfield></marc:datafield><marc:datafield tag="050" ind1=" " ind2="4"><marc:subfield code="a">M1206.L37</marc:subfield><marc:subfield code="b">U77 2010</marc:subfield></marc:datafield><marc:datafield tag="049" ind1=" " ind2=" "><marc:subfield code="a">WAUW</marc:subfield></marc:datafield><marc:datafield tag="100" ind1="1" ind2=" "><marc:subfield code="a">Larsen, Libby,</marc:subfield><marc:subfield code="e">composer.</marc:subfield></marc:datafield><marc:datafield tag="240" ind1="1" ind2="0"><marc:subfield code="a">Ursa;</marc:subfield><marc:subfield code="o">arranged</marc:subfield></marc:datafield><marc:datafield tag="245" ind1="1" ind2="0"><marc:subfield code="a">Ursa :</marc:subfield><marc:subfield code="b">for tuba and wind symphony /</marc:subfield><marc:subfield code="c">Libby Larsen ; piano score.</marc:subfield></marc:datafield><marc:datafield tag="264" ind1=" " ind2="1"><marc:subfield code="a">Minneapolis, MN :</marc:subfield><marc:subfield code="b">Libby Larsen Publishing,</marc:subfield><marc:subfield code="c">[2010]</marc:subfield></marc:datafield><marc:datafield tag="264" ind1=" " ind2="4"><marc:subfield code="c">©2010</marc:subfield></marc:datafield><marc:datafield tag="300" ind1=" " ind2=" "><marc:subfield code="a">1 score (32 pages) + 1 part (5 pages) ;</marc:subfield><marc:subfield code="c">28 cm</marc:subfield></marc:datafield><marc:datafield tag="336" ind1=" " ind2=" "><marc:subfield code="a">notated music</marc:subfield><marc:subfield code="b">ntm</marc:subfield><marc:subfield code="2">rdacontent</marc:subfield></marc:datafield><marc:datafield tag="337" ind1=" " ind2=" "><marc:subfield code="a">unmediated</marc:subfield><marc:subfield code="b">n</marc:subfield><marc:subfield code="2">rdamedia</marc:subfield></marc:datafield><marc:datafield tag="338" ind1=" " ind2=" "><marc:subfield code="a">volume</marc:subfield><marc:subfield code="b">nc</marc:subfield><marc:subfield code="2">rdacarrier</marc:subfield></marc:datafield><marc:datafield tag="348" ind1=" " ind2=" "><marc:subfield code="a">score</marc:subfield><marc:subfield code="b">1007</marc:subfield><marc:subfield code="2">rdafnm</marc:subfield></marc:datafield><marc:datafield tag="348" ind1=" " ind2=" "><marc:subfield code="a">part</marc:subfield><marc:subfield code="b">1004</marc:subfield><marc:subfield code="2">rdafnm</marc:subfield></marc:datafield><marc:datafield tag="348" ind1=" " ind2=" "><marc:subfield code="c">staff notation</marc:subfield><marc:subfield code="d">1007</marc:subfield><marc:subfield code="2">rdafmn</marc:subfield></marc:datafield><marc:datafield tag="382" ind1="0" ind2="1"><marc:subfield code="a">tuba</marc:subfield><marc:subfield code="n">1</marc:subfield><marc:subfield code="a">piano</marc:subfield><marc:subfield code="n">1</marc:subfield><marc:subfield code="s">2</marc:subfield><marc:subfield code="2">lcmpt</marc:subfield></marc:datafield><marc:datafield tag="500" ind1=" " ind2=" "><marc:subfield code="a">Cover title.</marc:subfield></marc:datafield><marc:datafield tag="500" ind1=" " ind2=" "><marc:subfield code="a">Accompaniment arranged for piano.</marc:subfield></marc:datafield><marc:datafield tag="500" ind1=" " ind2=" "><marc:subfield code="a">Composer biographical statement, page [2] of cover; performance note and program note, preliminary pages</marc:subfield></marc:datafield><marc:datafield tag="546" ind1=" " ind2=" "><marc:subfield code="b">Staff notation.</marc:subfield></marc:datafield><marc:datafield tag="505" ind1="0" ind2=" "><marc:subfield code="a">Sings to the night sky -- At high noon.</marc:subfield></marc:datafield><marc:datafield tag="650" ind1=" " ind2="0"><marc:subfield code="a">Tuba with band</marc:subfield><marc:subfield code="v">Solo with piano.</marc:subfield></marc:datafield><marc:datafield tag="650" ind1=" " ind2="0"><marc:subfield code="a">Bears</marc:subfield><marc:subfield code="v">Songs and music.</marc:subfield></marc:datafield><marc:datafield tag="650" ind1=" " ind2="6"><marc:subfield code="a">Ours</marc:subfield><marc:subfield code="0">(CaQQLa)201-0026841</marc:subfield><marc:subfield code="v">Chants et musique.</marc:subfield><marc:subfield code="0">(CaQQLa)201-0378541</marc:subfield></marc:datafield><marc:datafield tag="650" ind1=" " ind2="7"><marc:subfield code="a">Bears.</marc:subfield><marc:subfield code="2">fast</marc:subfield><marc:subfield code="0">(OCoLC)fst00829302</marc:subfield></marc:datafield><marc:datafield tag="650" ind1=" " ind2="7"><marc:subfield code="a">Tuba with band</marc:subfield><marc:subfield code="x">Solo with piano.</marc:subfield><marc:subfield code="2">fast</marc:subfield><marc:subfield code="0">(OCoLC)fst01158465</marc:subfield></marc:datafield><marc:datafield tag="655" ind1=" " ind2="7"><marc:subfield code="a">Arrangements (Music)</marc:subfield><marc:subfield code="2">fast</marc:subfield><marc:subfield code="0">(OCoLC)fst01920435</marc:subfield></marc:datafield><marc:datafield tag="655" ind1=" " ind2="7"><marc:subfield code="a">Art music.</marc:subfield><marc:subfield code="2">fast</marc:subfield><marc:subfield code="0">(OCoLC)fst01920007</marc:subfield></marc:datafield><marc:datafield tag="655" ind1=" " ind2="7"><marc:subfield code="a">Parts (Music)</marc:subfield><marc:subfield code="2">fast</marc:subfield><marc:subfield code="0">(OCoLC)fst01692889</marc:subfield></marc:datafield><marc:datafield tag="655" ind1=" " ind2="7"><marc:subfield code="a">Scores.</marc:subfield><marc:subfield code="2">fast</marc:subfield><marc:subfield code="0">(OCoLC)fst01692898</marc:subfield></marc:datafield><marc:datafield tag="655" ind1=" " ind2="7"><marc:subfield code="a">Songs and music.</marc:subfield><marc:subfield code="2">fast</marc:subfield><marc:subfield code="0">(OCoLC)fst01985328</marc:subfield></marc:datafield><marc:datafield tag="655" ind1=" " ind2="7"><marc:subfield code="a">Art music.</marc:subfield><marc:subfield code="2">lcgft</marc:subfield></marc:datafield><marc:datafield tag="655" ind1=" " ind2="7"><marc:subfield code="a">Arrangements (Music)</marc:subfield><marc:subfield code="2">lcgft</marc:subfield></marc:datafield><marc:datafield tag="655" ind1=" " ind2="7"><marc:subfield code="a">Scores.</marc:subfield><marc:subfield code="2">lcgft</marc:subfield></marc:datafield><marc:datafield tag="655" ind1=" " ind2="7"><marc:subfield code="a">Parts (Music)</marc:subfield><marc:subfield code="2">lcgft</marc:subfield></marc:datafield><marc:datafield tag="655" ind1=" " ind2="7"><marc:subfield code="a">Musique savante.</marc:subfield><marc:subfield code="2">rvmgf</marc:subfield><marc:subfield code="0">(CaQQLa)RVMGF-000000692</marc:subfield></marc:datafield><marc:datafield tag="655" ind1=" " ind2="7"><marc:subfield code="a">Arrangements (Musique)</marc:subfield><marc:subfield code="2">rvmgf</marc:subfield><marc:subfield code="0">(CaQQLa)RVMGF-000000691</marc:subfield></marc:datafield><marc:datafield tag="655" ind1=" " ind2="7"><marc:subfield code="a">Partitions (Musique)</marc:subfield><marc:subfield code="2">rvmgf</marc:subfield><marc:subfield code="0">(CaQQLa)RVMGF-000000816</marc:subfield></marc:datafield><marc:datafield tag="655" ind1=" " ind2="7"><marc:subfield code="a">Parties (Musique)</marc:subfield><marc:subfield code="2">rvmgf</marc:subfield><marc:subfield code="0">(CaQQLa)RVMGF-000000815</marc:subfield></marc:datafield><marc:datafield tag="938" ind1=" " ind2=" "><marc:subfield code="a">Theodore Front Musical Literature</marc:subfield><marc:subfield code="b">TFRT</marc:subfield><marc:subfield code="n">TF301025</marc:subfield></marc:datafield></marc:record>
</marc:collection>
